4674 6194
1242 503 1442 570 -208-

714 644 940 716 pro.XX.alb.
959 661 1032 700 anno
1051 662 1104 716 quo
1123 661 1218 714 cupra.
1236 670 1273 687 ·-
1292 644 1337 698 Sic
1355 653 1435 698 utere
1460 654 1506 696 tao
1532 653 1561 698 ut
1585 643 1679 716 asserto
1703 661 1759 698 non
1783 660 1865 712 opens
1877 660 1903 699 ›.
1922 641 2111 721 Nell'interiio

717 750 791 806 della
808 750 944 820 legatura,
963 751 992 805 in
1010 751 1146 821 principio
1158 751 1191 806 ed
1204 753 1232 805 in
1246 753 1308 818 fine,
1321 767 1389 804 sono
1402 751 1526 805 incollati
1545 751 1598 806 diie
1618 750 1686 820 sogli
1699 750 1725 804 di
1741 767 1777 804 un
1790 750 1883 805 codice
1902 751 2111 806 membranaceo

719 858 762 914 del
782 875 836 913 sec.
856 857 921 914 x1v
940 863 1105 914 contenente
1127 859 1255 914 sermoni.

772 964 985 1020 2392α-2393ὺ
1007 981 1215 1022 uiscauamaii.
1237 993 1272 1008 -
1297 966 1364 1036 Leg.
1390 967 1419 1020 iii
1444 965 1516 1036 pelle
1541 965 1568 1021 di
1592 965 1698 1021 vitello.
1723 994 1759 1008 -
1783 965 1964 1036 impressione
1988 965 2015 1018 di
2038 965 2110 1034 fregi

719 1074 887 1128 consistente
906 1075 933 1126 in
954 1077 1056 1128 roeette
1076 1090 1091 1127 e
1110 1073 1208 1144 piccoli
1228 1074 1327 1128 ornati.

567 1288 702 1360 taeta.
728 1289 869 1360 Versor
893 1292 1062 1356 lohannes.
1081 1326 1099 1338 -
1117 1287 1276 1359 Tinctor.
1293 1326 1311 1338 -
1330 1287 1485 1358 Thomas
1508 1291 1660 1375 Aquinas.
1677 1325 1721 1340 -
1738 1311 1756 1353 ‹
1773 1289 1991 1356 Euucuuiatio
2015 1292 2112 1372 coml

719 1398 854 1464 melaria
870 1399 1029 1462 iniecere
1045 1398 1224 1464 Aristotelis
1237 1400 1250 1479 Ι
1262 1401 1332 1462 arte
1347 1399 1589 1486 peripatetico‘ig
1611 1383 1709 1486 p-ho‘ig
1732 1397 1805 1484 loge
1827 1397 1946 1483 princi:
1957 1397 1974 1480 Ι
1984 1398 2034 1482 pie
2052 1416 2113 1461 nec

719 1508 762 1570 nd
784 1505 818 1569 in
840 1505 940 1570 libzos
965 1505 1138 1591 Porphyrij
1159 1505 1251 1570 zsex
1274 1505 1465 1593 principio‘ig
1489 1504 1624 1572 Gilberti
1651 1506 1822 1570 Porritani.
1848 1523 1891 1570 ex
1914 1507 1956 1570 nd
1967 1510 1981 1587 Ι
1993 1505 2113 1590 paucis.

721 1613 882 1697 pspicaciii
907 1613 1011 1699 viro‘ip
1035 1611 1181 1678 Uersorie
1206 1634 1222 1676 z
1248 1613 1409 1678 Tinctoais
1434 1612 1576 1698 alioadqp
1601 1612 1665 1676 diui
1690 1609 1825 1694 Atinatis
1841 1615 1853 1690 Ι
1870 1611 1992 1677 Thome
2018 1611 2111 1677 dictis

721 1719 870 1792 oscamiii.
894 1719 1142 1784 acmentariolis.
1160 1721 1192 1783 in
1216 1720 1282 1783 vnri
1305 1719 1431 1784 volume
1454 1718 1494 1788 ad
1518 1719 1633 1803 plecti
1656 1723 1707 1784 stu
1718 1721 1731 1800 Ι
1744 1718 1843 1783 denti
1864 1720 1896 1783 in
1920 1717 2014 1784 bursa
2037 1717 2112 1784 002-

721 1825 850 1890 neliana
873 1825 968 1914 alia‘ip
991 1825 1118 1914 bursatp
1142 1825 1295 1891 colonien
1317 1826 1501 1890 veterrima.
1525 1825 1723 1907 libesralid
1744 1827 1830 1892 artifi
1852 1824 1988 1890 flosculis
2014 1823 2114 1910 opera
2322 1907 2323 1926 χ

624 1971 627 1980 =
721 1951 843 1997 nauare
866 1932 985 1996 voletiu
1008 1932 1139 1997 redacta
1163 1935 1201 1998 Iii
1225 1951 1287 2017 qua
1311 1932 1351 1995 si·
1367 1937 1380 2012 Ι
1397 1935 1466 2015 quis
1489 1932 1667 1997 elaborare.
1699 1933 1838 1997 voluerit
1864 1931 1960 1996 facile
1990 1931 2030 1997 ab
2053 1935 2114 2021 ipis
2236 1983 2238 1987 ,

721 2040 815 2104 etiam
840 2039 1020 2124 grammati·
1035 2041 1048 2120 Ι
1065 2059 1119 2104 ces
1149 2038 1337 2103 rudimentis
1367 2037 1407 2102 ad
1439 2039 1561 2104 summu
1591 2038 1771 2104 diuinarum
1802 2039 1862 2104 hu·
1878 2042 1891 2120 Ι
1907 2059 2112 2127 manarumq3

720 2145 923 2212 scientiarum
953 2147 1076 2230 apicem
1092 2150 1105 2227 Ι
1122 2145 1314 2212 conscendat
1341 2145 1469 2211 necesse
1493 2153 1587 2212 est.»
1612 2146 1655 2212 Al
1677 2145 1703 2228 f.
1727 2146 1795 2232 liiiij
1820 2151 1926 2212 recto:
1951 2147 2115 2222 «Μυο-

719 2252 836 2318 stiones
867 2252 1063 2319 subtilissime
1093 2252 1288 2318 venerabilis
1319 2253 1460 2339 magistri
1475 2256 1490 2334 Ι
1505 2254 1637 2318 loannis
1669 2254 1815 2320 Uersoris
1842 2251 1926 2338 (etc.)
1957 2254 2114 2339 Impresse

720 2359 902 2425 nitidissime
917 2361 950 2424 in
966 2361 1100 2444 egregia
1122 2357 1206 2424 offici
1218 2364 1231 2441 Ι
1244 2379 1286 2425 na
1309 2359 1413 2426 felicis
1435 2361 1590 2426 memorie
1607 2359 1741 2426 Henrici
1766 2361 1945 2436 Queutel
1969 2362 2048 2428 ciuis
2071 2362 2114 2427 dn

720 2467 826 2548 vixit!
840 2466 1040 2532 Gelonion
1063 2465 1279 2532 honestissimi.
1293 2471 1306 2548 Ι
1319 2469 1414 2532 Anno
1436 2468 1574 2552 virginei
1598 2473 1709 2553 partus
1727 2468 1795 2533 mil·
1806 2473 1819 2548 Ι
1831 2467 1941 2532 lesimc
1963 2461 2117 2554 ‹jugente-

719 2572 798 2637 simo
820 2575 922 2638 tercio
946 2575 978 2637 in
1001 2572 1052 2638 die
1075 2572 1182 2657 pfesto
1204 2573 1297 2638 beate
1320 2575 1416 2656 Mal
1428 2575 1475 2640 rie
1498 2574 1733 2660 magdalene.»
1759 2574 1868 2662 Sepae
1890 2571 2040 2642 l'indice.

774 2696 805 2749 In
824 2695 880 2762 sol,
899 2696 925 2750 di
944 2697 963 2750 s.
983 2697 1031 2765 (l),
1044 2695 1115 2768 lxiij,
1134 2697 1182 2764 (l),
1195 2713 1212 2750 a
1227 2695 1279 2750 due
1298 2695 1422 2762 colonae,
1441 2696 1469 2750 di
1487 2697 1566 2767 righe
1584 2697 1620 2752 62
1638 2698 1767 2752 ciaeouna
1784 2713 1838 2752 non
1858 2713 2000 2767 compraaa
2018 2696 2115 2754 s'iute-

721 2804 852 2872 stacione,
870 2805 899 2858 in
918 2808 1055 2859 carattere
1074 2804 1174 2873 gotico.
1194 2833 1227 2846 -
1247 2803 1363 2859 Poetilio
1382 2821 1444 2858 mss.
1463 2805 1491 2858 ai
1510 2805 1638 2874 margini.

568 2995 697 3068 2395&
722 2996 863 3067 Versor
886 2999 1055 3066 Iohannes.
1074 3035 1092 3048 ·
1111 2998 1270 3068 Tinctor.
1289 2997 1479 3068 -Thomas
1502 3001 1653 3086 Aquinas.
1671 3035 1715 3049 —
1737 3000 1960 3066 ‹Eiucidatio
1983 2999 2112 3080 doctri}

720 3106 803 3172 nalis
825 3109 858 3186 in
882 3111 1034 3189 quattuor
1055 3106 1155 3172 libros
1179 3107 1238 3172 Lo:
1251 3111 1265 3188 Ι
1277 3109 1347 3192 gice
1370 3127 1454 3173 noue
1473 3107 1654 3174 Aristotelis
1673 3107 1882 3192 peripatetico
1894 3112 1907 3190 Ι
1920 3127 1991 3172 rum
2014 3091 2112 3196 p'lioip

720 3211 816 3277 sacile
840 3213 928 3278 ducis
951 3223 1022 3300 atqp
1046 3213 1197 3300 magistri.
1222 3235 1294 3280 cum
1316 3213 1400 3280 libio
1420 3214 1459 3279 de
1477 3216 1557 3278 Ente
1583 3221 1615 3278 et
1638 3215 1779 3280 essentia.
1801 3233 1843 3278 cx
1855 3217 1868 3292 Ι
1881 3213 1980 3298 varije
2002 3213 2116 3280 doctis·

719 3318 829 3407 fimotp
851 3321 955 3408 viroip
979 3317 1114 3385 cilicinis
1144 3327 1252 3406 vtpote
1283 3321 1335 3386 di'ii
1360 3323 1489 3386 Ioannis
1513 3321 1659 3386 Uei-soris
1675 3325 1688 3402 Ι
1705 3321 1882 3406 philosophi
1908 3319 2110 3385 disertissimi.

722 3432 754 3491 et
776 3427 944 3492 Tinctoris.
968 3429 1158 3514 ceteroaqu
1186 3427 1249 3493 diui
1278 3428 1398 3493 Thome
1410 3433 1423 3510 Ι
1436 3429 1602 3512 Aquinatis
1633 3425 1813 3514 positionib⁹
1837 3427 2018 3492 conformis
2047 3427 2111 3492 stu-

719 3531 887 3598 diosissime
915 3533 1073 3618 ecquifitis
1086 3539 1098 3614 Ι
1112 3536 1143 3599 in
1167 3535 1260 3622 plens
1282 3534 1345 3599 hoc
1367 3535 1516 3601 volumen
1539 3535 1581 3600 ad
1603 3535 1750 3601 studento
1773 3533 1908 3600 comode
1932 3555 1950 3597 z
1974 3534 2088 3601 vtilita·
2100 3537 2115 3616 Ι

719 3647 783 3704 tem
808 3639 1003 3706 Corneliani]
1026 3641 1202 3727 Gymnasid
1224 3642 1425 3727 Agrippinen
1448 3642 1578 3708 Colonie
1590 3647 1603 3725 Ι
1616 3641 1771 3708 bonarum
1791 3643 1916 3708 Artium
1937 3659 2049 3708 ainoae
2068 3643 2113 3706 in·

719 3745 891 3811 colentium
915 3746 1074 3814 scholasti·
1084 3752 1098 3830 Ι
1111 3768 1149 3813 co
1172 3748 1230 3815 sub
1253 3747 1401 3834 processa
1419 3752 1460 3835 {13
1484 3749 1641 3834 aptissime
1661 3749 1812 3836 congesta
1829 3747 1960 3829 Nouis-l
1971 3749 2048 3814 sime
2070 3753 2128 3821 lo*

719 3853 810 3938 vigili
831 3853 937 3919 auimo
961 3856 1077 3936 iterata
1095 3875 1187 3920 reco-
1198 3858 1212 3937 Ι
1224 3856 1367 3941 gnitione
1381 3854 1447 3940 (vbi
1462 3875 1541 3941 opus
1557 3853 1639 3938 erat)
1657 3876 1711 3921 ex·
1722 3859 1736 3938 Ι
1748 3855 1893 3922 amussim
1909 3855 2084 3941 perspecta
2097 3856 2112 3936 Ι

719 3959 848 4026 Uersoa.
872 3981 890 4026 i>
914 3959 1105 4029 All’ultimo
1134 3961 1240 4049 soplio
1270 3969 1376 4029 recto:
1401 3967 1463 4028 «Ε
1486 3963 1666 4030 Elucidatio
1697 3965 1874 4028 comatoria
1903 3964 1999 4028 totius
2029 3981 2113 4027 noue

718 4067 822 4154 logice
850 4068 946 4149 Ares
963 4068 1083 4134 stotelis
1114 4074 1146 4134 et
1176 4072 1252 4135 item
1276 4071 1444 4136 Tractatus
1473 4069 1574 4135 sancti
1599 4069 1721 4135 Thome
1744 4069 1784 4135 de
1807 4073 1880 4134 ente
1904 4076 1936 4136 et
1951 4071 1965 4150 Ι
1980 4069 2113 4135 essentia

719 4174 873 4240 veneradi
896 4175 1038 4262 magistri
1065 4161 1151 4242 loliis
1174 4176 1322 4243 Uersoais
1344 4173 1428 4263 (esc.)
1453 4162 1578 4243 claudit
1593 4181 1725 4262 poptata
1741 4181 1754 4259 Ι
1771 4175 1945 4242 Oolonie
1972 4177 2005 4241 in
2027 4173 2111 4240 edibl

719 4279 823 4347 salicis
845 4283 1000 4348 memorie
1024 4283 1161 4349 Henrici
1192 4283 1372 4360 Quentel
1389 4289 1401 4366 Ι
1418 4286 1512 4349 Anno
1542 4285 1639 4369 supra
1670 4284 1836 4349 millesimi
1858 4282 2111 4370 quingentesimi

719 4389 820 4453 tercio
843 4390 876 4454 in
899 4408 940 4454 an
953 4393 966 4471 Ι
979 4390 1152 4475 tepaofesto
1174 4377 1220 4458 lits
1245 4391 1462 4458 Bartholomei
1486 4390 1675 4476 Apostoli.»

773 4507 803 4562 lii
817 4509 872 4575 sol,
885 4509 912 4564 di
924 4511 943 4564 s.
957 4509 1033 4583 (lsi)
1046 4529 1063 4566 a
1075 4507 1127 4566 due
1141 4512 1256 4567 coloiine
1270 4511 1296 4565 di
1311 4511 1390 4582 righe
1402 4513 1439 4566 62
1451 4512 1580 4566 ciaecuna
1596 4511 1678 4582 (oltra
1697 4511 1715 4566 l'
1722 4510 1922 4582 intestatione),
1935 4511 1963 4564 iii
1977 4507 2113 4564 carattere

720 4616 821 4685 gotico.
840 4615 945 4671 Iniziali
964 4619 1106 4687 confregi
1125 4619 1205 4672 incisi
1224 4620 1252 4672 in
1272 4618 1363 4689 legno.

774 4720 990 4778 2394α-2395ὺ
1009 4737 1216 4778 iiiecuuuauau.
1236 4751 1270 4766 -
1289 4723 1355 4793 Leg.
1371 4723 1400 4778 in
1419 4741 1511 4780 mazza
1529 4723 1601 4794 pelle
1620 4725 1707 4778 suine.
1727 4753 1761 4764 -
1780 4723 1863 4792 Fregi
1880 4723 1908 4777 di
1927 4725 2059 4778 conterno
2077 4721 2112 4776 da

720 4831 878 4886 ambeduei
898 4831 957 4886 leti.

774 4937 889 4992 Postilla
908 4956 971 4992 mea.
991 4939 1018 4994 ai
1037 4939 1165 5010 margini,
1177 4939 1206 4994 in
1219 4939 1354 5010 principio
1371 4955 1387 4996 e
1405 4940 1435 4994 in
1453 4941 1508 4995 tine
1526 4939 1572 4996 del
1591 4939 1672 5006 libro,
1685 4955 1736 4994 con
1756 4939 1986 5008 interpretatione
2003 4937 2112 4994 tedeaaa

719 5045 746 5100 di
766 5044 865 5100 ascune
883 5045 943 5100 voci
962 5045 1057 5114 latine,
1076 5047 1190 5117 appunti
1209 5045 1236 5100 di
1255 5047 1398 5102 economia
1415 5045 1566 5102 domestica
1587 5065 1642 5102 ecc.
