4674 6194
889 516 1088 586 -247-

365 679 573 728 numerorum
596 665 680 726 notae
703 661 836 746 paginas
848 663 862 743 Ι
874 659 979 726 Graeci
1003 658 1198 745 exemplaris
1220 657 1363 724 indicant
1380 655 1420 722 ab
1436 657 1580 724 Henrico
1596 655 1759 741 Stephano

366 769 486 834 excusi.
503 771 517 850 Ι
533 765 610 854 (ine.
633 785 754 851 nappe.
779 764 957 851 t'imprata
981 766 1035 833 det
1057 763 1229 852 tipoprafo
1252 763 1378 831 Enrico
1406 762 1557 846 Stefana,
1581 764 1668 831 coila
1691 764 1760 851 lep-

365 874 495 963 penda:
518 893 596 940 nour
620 892 736 940 snrvn
759 873 899 958 sennan)
922 874 1017 938 Anno
1041 891 1067 938 u
1081 891 1224 940 .n.ux.
1237 869 1453 955 [Excudebat
1479 871 1642 938 Hauricus
1667 871 1760 940 Ste-

366 982 541 1068 phanus,
567 981 700 1047 illustris
721 981 784 1046 viri
796 985 809 1064 Ι
822 978 993 1047 Huldrichi
1017 980 1157 1066 Fuggeri
1180 977 1447 1066 typographus.»

420 1106 452 1161 ln
470 1105 497 1173 8,
514 1105 542 1160 di
560 1121 623 1176 pag.
643 1103 704 1160 304.

419 1213 485 1283 Lag.
495 1213 525 1267 in
535 1212 607 1283 pelle
616 1211 707 1268 verde.
718 1242 751 1255 -
762 1212 803 1268 De
814 1213 948 1268 smbedue
960 1213 970 1267 i
984 1213 1034 1268 lati
1048 1213 1094 1268 nel
1106 1217 1202 1268 centro
1212 1209 1227 1266 e
1238 1229 1292 1267 uns
1301 1211 1431 1282 elegante
1440 1211 1620 1280 impressione
1632 1211 1660 1264 di
1673 1212 1762 1266 forma

367 1317 535 1374 romboidele
554 1322 696 1390 composta
713 1319 740 1373 di
759 1319 823 1375 nodi
842 1335 858 1375 e
875 1319 948 1388 fregi
966 1319 1132 1374 intrecciati.
1151 1320 1186 1373 Αἰ
1204 1323 1318 1390 quattro
1338 1318 1432 1388 angoti
1452 1334 1519 1373 sono
1537 1317 1580 1372 dei
1599 1318 1670 1387 tregi
1690 1318 1763 1387 pari·

366 1429 460 1482 mente
479 1425 643 1482 intreccisti.
662 1426 693 1482 ln
711 1429 785 1482 tutto
803 1425 825 1480 il
843 1442 941 1496 campo
959 1441 1026 1482 sono
1045 1424 1089 1481 dei
1107 1425 1187 1496 punti
1199 1425 1289 1482 doreti
1302 1425 1427 1496 impressi
1441 1429 1483 1482 tre
1496 1441 1545 1496 per
1558 1429 1609 1490 tre,
1622 1425 1650 1480 si
1662 1423 1761 1494 pieccli

245 1571 247 1576 -
365 1533 441 1589 terri.
460 1531 560 1603 Taglio
578 1531 675 1588 dorato
694 1532 834 1602 confregi
854 1533 1038 1602 punteggiati.

418 1639 610 1695 Nell'interno
634 1637 708 1696 della
731 1636 876 1709 legatum,
897 1655 915 1693 e
939 1639 1087 1710 principio:
1105 1639 1168 1694 «P.
1191 1639 1251 1693 174
1273 1641 1289 1696 b
1312 1639 1339 1692 F
1357 1640 1394 1694 N.
1418 1640 1482 1706 6»,
1503 1639 1601 1694 scritto
1625 1654 1676 1693 con
1701 1654 1762 1692 ma·

370 1746 423 1802 tite
444 1761 521 1802 nera

215 1941 341 2012 attia.
365 1939 579 2012 Priscianus
610 1943 806 2012 Theodorus.
831 1979 875 1994 ·-
899 1966 918 2009 c
938 1960 964 2016 at
980 1945 1139 2012 Theodori
1155 1950 1168 2025 Ι
1184 1944 1343 2012 Prisciani
1373 1942 1541 2009 Archiatri
1557 1945 1570 2023 Ι
1585 1941 1626 2008 ad
1656 1942 1762 2007 Timo·

367 2051 476 2117 iheum
499 2052 646 2124 fratrem,
659 2056 673 2135 Ι
687 2052 938 2118 Phaenomenon
961 2053 1153 2138 Euporilton
1175 2051 1258 2117 liber
1281 2054 1306 2119 l.
1320 2055 1334 2133 Ι
1346 2051 1483 2136 Logicus
1508 2048 1592 2116 liber
1615 2050 1657 2115 11.
1671 2052 1684 2131 Ι
1696 2049 1764 2136 Gy·

367 2177 478 2223 naecea
500 2156 541 2222 ad
564 2158 726 2226 Saluinam
748 2157 833 2224 liber
856 2159 916 2224 lll.
930 2162 942 2240 Ι
956 2157 1045 2243 Opus
1066 2178 1154 2224 nunc
1177 2159 1313 2244 primurn
1340 2156 1480 2224 editum.
1493 2161 1506 2239 Ι
1519 2156 1595 2241 (inc.
1618 2175 1764 2240 roppre-

368 2268 520 2349 tentante
538 2263 564 2330 it
587 2264 733 2332 caduceo
757 2264 984 2344 Frobeniano,
1002 2265 1150 2348 ripemta
1169 2265 1205 2331 in
1222 2266 1290 2352 fine
1304 2264 1341 2330 in
1356 2263 1560 2332 dimensioni
1581 2262 1763 2350 meppiam)

368 2371 565 2437 Basileae
591 2373 625 2436 in
648 2370 776 2437 officina
799 2371 1463 2454 Frobeniaualu.n.rtxrt11.l0um
1487 2371 1632 2438 Caesareo
1656 2370 1762 2435 Priui-

368 2478 453 2565 legio
476 2479 517 2546 ad
539 2497 640 2545 annos
661 2478 765 2545 lex.»
790 2479 834 2544 ln
855 2480 941 2566 fine:
966 2477 1181 2544 ‹Basileae
1204 2475 1287 2564 (etc.)
1311 2497 1370 2564 per
1398 2476 1632 2562 Hieronymum
1661 2477 1762 2542 Fro-

369 2584 533 2651 benium
556 2583 591 2654 a
614 2585 780 2652 Nicolaum
802 2586 1071 2672 Episcopium
1095 2583 1179 2670 (etc.)
1196 2605 1226 2650 s.

422 2709 453 2762 In
471 2708 497 2776 t,
515 2709 543 2762 di
561 2723 624 2779 pag.
647 2709 704 2776 150,
724 2708 774 2780 (2),
792 2709 822 2763 in
840 2711 978 2764 carattere
996 2708 1121 2764 rotando.

421 2814 474 2871 Nel
492 2814 681 2885 frontespizio:
700 2832 717 2869 c
730 2817 778 2884 (10
796 2816 903 2887 ltrt'jta)
923 2815 973 2870 Est
991 2815 1110 2870 Achillis
1128 2818 1160 2868 ll:
1182 2815 1296 2871 Gaesari
1314 2817 1345 2868 ll:
1364 2815 1406 2868 22
1418 2815 1587 2886 Septembris
1600 2814 1681 2869 1532
1694 2814 1763 2868 tin-¹

368 2921 456 2994 dauij.
470 2939 486 2975 n
498 2939 547 2976 ms
560 2921 632 2978 Nell'
640 2921 738 2978 ultimo
750 2919 838 2993 t'oglio
851 2926 940 2978 recto:
953 2936 971 2976 c
984 2923 1074 2977 Habet
1086 2925 1143 2977 iam
1156 2921 1241 2978 Scotti
1256 2922 1340 2976 editio
1353 2931 1380 2976 et
1393 2909 1466 2975 4¹¹⁴*
1486 2921 1568 2976 libris.
1583 2921 1638 2976 Sed
1654 2920 1763 2992 Octauij

368 3028 585 3096 Heraclammon·
603 3031 686 3086 etiam
700 3031 884 3101 precedentes
902 3031 1027 3097 ascribitl
1039 3031 1149 3084 nomine
1163 3029 1289 3100 Eumque
1302 3031 1337 3084 de
1346 3029 1463 3099 physica
1480 3027 1595 3084 scientia
1613 3029 1764 3083 intitulavit

367 3137 405 3190 ad
422 3135 574 3192 Eusebium
590 3138 722 3208 filium.»
740 3136 767 3192 di
786 3153 868 3193 mano
885 3137 931 3194 del
949 3135 1074 3192 Gessero.

219 3330 491 3404 attenuasse
514 3333 674 3400 Nicotaus.
697 3370 741 3385 —
766 3334 922 3400 ‹Nicolai
947 3333 1050 3399 Malla
1073 3334 1205 3401 Ueneti:
1229 3335 1331 3422 artius
1353 3355 1370 3398 s
1388 3333 1545 3400 medicine
1568 3331 1608 3398 do
1620 3333 1634 3414 Ι
1646 3333 1762 3399 atonis:

370 3440 467 3508 Liber
488 3440 528 3508 de
550 3440 663 3508 morbo
687 3441 828 3508 Gallico:
851 3443 979 3507 nouiter
1002 3441 1069 3507 edi·
1085 3443 1098 3523 Ι
1114 3447 1182 3508 tue:
1208 3443 1241 3506 in
1264 3459 1326 3525 quo
1353 3459 1464 3506 omnes
1493 3439 1577 3506 modi
1604 3438 1765 3526 putribiles

370 3547 500 3614 sanandi
514 3547 658 3634 lipturn:
674 3550 758 3614 mira
771 3549 906 3633 quadam
923 3569 941 3614 ι
959 3545 1130 3614 artificiola
1144 3548 1291 3614 doctrina
1302 3551 1315 3630 Ι
1328 3548 1550 3614 continentur:
1570 3551 1606 3613 vt
1627 3545 1764 3614 studioso

369 3654 485 3721 lectori
501 3654 629 3741 patebit.
648 3675 665 3722 >
684 3657 728 3722 In
742 3657 825 3742 fine:
842 3675 860 3719 c
878 3655 1020 3742 Explicit
1034 3653 1117 3720 liber
1131 3654 1215 3741 (etc.)
1231 3655 1386 3720 Veneti
1397 3655 1430 3720 is
1453 3654 1485 3718 in
1501 3658 1515 3736 Ι
1531 3653 1650 3720 aedibus
1666 3653 1766 3718 Fran·

369 3759 442 3826 cilci
467 3760 660 3837 Bindoni‚
685 3782 724 3827 ac
747 3761 876 3848 Maphei
900 3761 1044 3826 Pasini
1067 3760 1146 3826 tum·
1157 3763 1171 3842 Ι
1183 3779 1235 3826 ma
1250 3760 1394 3847 diligetia
1408 3759 1585 3846 imprettus.
1602 3761 1697 3824 Anno
1714 3758 1766 3824 do

368 3868 445 3933 mini
464 3867 669 3948 millessimo
689 3867 939 3954 quingentesimo
958 3868 1110 3954 septimos
1119 3867 1238 3934 Mensis
1253 3868 1336 3934 Iulii.
1353 3867 1447 3952 (data
1462 3871 1608 3936 comella
1624 3885 1646 3932 a
1660 3883 1764 3932 mano

371 3973 430 4040 dal
458 3973 602 4042 Gaesao
624 3972 896 4043 catt’interzione
918 3975 1009 4042 detta
1025 3975 1155 4058 parata
1177 3975 1328 4041 uicesimo
1346 3974 1466 4057 prima
1488 3973 1524 4040 di
1546 3970 1692 4058 septimo)
1709 3992 1739 4036 ›.

422 4093 452 4148 ln
470 4093 497 4161 t,
515 4095 543 4149 di
561 4097 580 4150 1.
593 4095 660 4166 (44),
673 4096 700 4151 di
716 4093 796 4166 righe
808 4095 843 4151 38
856 4113 873 4150 a
885 4095 988 4166 pagius
1006 4095 1035 4150 in
1054 4099 1192 4150 carattere
1210 4093 1335 4150 rotando.
1355 4093 1446 4150 Titolo
1464 4094 1494 4149 in
1512 4096 1651 4149 carattere
1669 4091 1764 4162 getici.

423 4199 475 4256 Nel
493 4201 678 4272 frontespizio:
691 4216 708 4256 s
719 4203 768 4258 Est
781 4203 900 4258 notitiis
912 4203 943 4257 P.
956 4202 1074 4274 Gasserj
1086 4200 1119 4256 L.-
1132 4204 1155 4256 5
1166 4203 1288 4273 Augusti
1301 4201 1381 4256 1532
1394 4199 1562 4256 Lindenium
1575 4217 1590 4256 e
1603 4199 1764 4256 Mediolano

369 4307 475 4362 almas
494 4309 530 4362 13
548 4310 643 4381 brijtz.
656 4327 674 4366 a
686 4327 735 4364 ms
749 4308 803 4366 Nol
822 4309 944 4366 rovescio
962 4309 1007 4365 del
1025 4309 1202 4379 frontespizio
1215 4307 1230 4364 e
1244 4309 1378 4379 impresso
1391 4323 1443 4362 con
1455 4306 1607 4362 inehiostro
1619 4322 1716 4377 grasso
1734 4304 1764 4360 lo

370 4421 488 4469 stemma
506 4415 649 4486 gentilicio
667 4414 712 4471 det
731 4415 857 4471 (iassero.
875 4414 928 4472 Nei
946 4415 1067 4484 margini
1086 4415 1188 4472 interni
1206 4414 1319 4485 postille
1338 4431 1400 4468 mss.
1420 4413 1464 4469 del
1482 4413 1639 4470 medesimo.

219 4605 309 4680 2515
317 4631 345 4677 c.
368 4609 540 4682 Phrisius
563 4612 709 4699 (Frisius,
734 4611 880 4702 Phriess)
905 4613 1108 4680 Laurentius.
1132 4649 1177 4664 -
1200 4612 1383 4698 ‹Epitome
1409 4633 1487 4699 opv-
1502 4615 1515 4694 Ι
1531 4612 1612 4678 sculi
1642 4611 1682 4677 de
1712 4629 1769 4678 cv·

371 4717 482 4784 randis
511 4720 651 4805 pvscvlis
674 4718 746 4808 (cic)
762 4725 775 4804 Ι
793 4720 963 4796 ulceribus,
988 4719 1023 4789 a
1045 4718 1210 4786 doloribus
1232 4718 1335 4786 morbi
1359 4719 1484 4794 Gallici,
1507 4719 1584 4784 mali
1599 4722 1613 4801 Ι
1628 4715 1773 4784 neutros

372 4827 533 4912 appellati,
561 4832 674 4893 autore
703 4828 876 4894 Laurentio
888 4830 902 4909 Ι
914 4827 1051 4902 Phritio,
1076 4828 1193 4894 artium
1217 4823 1251 4896 tir
1274 4825 1441 4894 medicinae
1456 4830 1470 4908 Ι
1485 4825 1626 4893 doctore.
1643 4829 1658 4907 Ι
1673 4823 1769 4909 (inci-

372 4933 465 5000 tione
494 4933 532 4999 in
563 4933 677 5021 tepeo,
701 4932 852 5016 mpetum
877 4933 984 5000 oncle
1014 4953 1037 4999 a
1067 4935 1171 5010 calce,
1194 4953 1253 5000 ma
1284 4933 1321 5000 in
1351 4931 1553 5000 dimensioni
1583 4926 1766 5018 mappiom‘.

372 5059 495 5126 rappr.
517 5059 591 5107 nna
611 5059 714 5110 mano
747 5041 806 5108 cite
837 5040 922 5108 tiene
943 5060 993 5106 nn
1014 5041 1180 5115 martello,
1204 5041 1241 5106 in
1267 5045 1335 5108 atto
1363 5039 1400 5106 di
1425 5038 1551 5107 battere
1572 5057 1677 5121 sopra
1697 5053 1768 5104 nno
