<?xml version="1.0" encoding="UTF-8"?>
<!DOCTYPE html PUBLIC "-//W3C//DTD XHTML 1.0 Transitional//EN"
    "http://www.w3.org/TR/xhtml1/DTD/xhtml1-transitional.dtd">
<html xmlns="http://www.w3.org/1999/xhtml" xml:lang="en" lang="en">
 <head>
  <title>
</title>
<meta http-equiv="Content-Type" content="text/html;charset=utf-8" />
  <meta name='ocr-system' content='tesseract 3.04.00' />
  <meta name='ocr-capabilities' content='ocr_page ocr_carea ocr_par ocr_line ocrx_word'/>
</head>
<body>
  <div class='ocr_page' id='page_1' title='image "./inventariodeili02kirsgoog_0110.png"; bbox 0 0 4702 6200; ppageno 0'>
   <div class='ocr_carea' id='block_1_1' title="bbox 1274 529 1450 594">
    <p class='ocr_par' dir='ltr' id='par_1_1' title="bbox 1274 529 1450 594">
     <span class='ocr_line' id='line_1_1' title="bbox 1274 529 1450 594; baseline 0.006 -17"><span class='ocrx_word' id='word_1_1' title='bbox 1274 529 1450 594; x_wconf 82' lang='grc'>..98-</span> 
     </span>
    </p>
   </div>
   <div class='ocr_carea' id='block_1_2' title="bbox 739 670 2166 2360">
    <p class='ocr_par' dir='ltr' id='par_1_2' title="bbox 739 670 2135 2039">
     <span class='ocr_line' id='line_1_2' title="bbox 743 670 2130 758; baseline -0.001 -20"><span class='ocrx_word' id='word_1_2' title='bbox 743 675 802 738; x_wconf 84' lang='lat' dir='ltr'><strong>Ar·</strong></span> <span class='ocrx_word' id='word_1_3' title='bbox 811 677 823 753; x_wconf 99' lang='grc' dir='ltr'><em>Ι</em></span> <span class='ocrx_word' id='word_1_4' title='bbox 833 672 1027 744; x_wconf 77' lang='lat' dir='ltr'><strong>chidueibus</strong></span> <span class='ocrx_word' id='word_1_5' title='bbox 1044 692 1083 736; x_wconf 87' lang='lat' dir='ltr'><strong>ac</strong></span> <span class='ocrx_word' id='word_1_6' title='bbox 1098 671 1194 738; x_wconf 90' lang='lat' dir='ltr'><strong>rebus</strong></span> <span class='ocrx_word' id='word_1_7' title='bbox 1210 671 1367 758; x_wconf 73' lang='lat' dir='ltr'><strong>praeclare</strong></span> <span class='ocrx_word' id='word_1_8' title='bbox 1383 671 1424 735; x_wconf 89' lang='lat' dir='ltr'><strong>ad</strong></span> <span class='ocrx_word' id='word_1_9' title='bbox 1440 672 1510 736; x_wconf 87' lang='lat' dir='ltr'><strong>haec</strong></span> <span class='ocrx_word' id='word_1_10' title='bbox 1525 690 1601 758; x_wconf 80' lang='lat' dir='ltr'><strong>usq3</strong></span> <span class='ocrx_word' id='word_1_11' title='bbox 1617 675 1714 752; x_wconf 76' lang='lat' dir='ltr'><strong>tem-l</strong></span> <span class='ocrx_word' id='word_1_12' title='bbox 1723 691 1802 756; x_wconf 89' lang='lat' dir='ltr'><strong>pora</strong></span> <span class='ocrx_word' id='word_1_13' title='bbox 1817 671 1858 735; x_wconf 89' lang='lat' dir='ltr'><strong>ab</strong></span> <span class='ocrx_word' id='word_1_14' title='bbox 1873 670 1987 757; x_wconf 90' lang='lat' dir='ltr'><strong>ijsdem</strong></span> <span class='ocrx_word' id='word_1_15' title='bbox 2002 673 2109 758; x_wconf 85' lang='lat' dir='ltr'><strong>gestis.</strong></span> <span class='ocrx_word' id='word_1_16' title='bbox 2117 675 2130 754; x_wconf 99' lang='grc' dir='ltr'><em>Ι</em></span> 
     </span>
     <span class='ocr_line' id='line_1_3' title="bbox 743 777 2130 866; baseline -0.001 -20"><span class='ocrx_word' id='word_1_17' title='bbox 743 780 894 846; x_wconf 81' lang='lat' dir='ltr'><strong>Eiusdem</strong></span> <span class='ocrx_word' id='word_1_18' title='bbox 910 781 1039 846; x_wconf 87' lang='lat' dir='ltr'><strong>loannis</strong></span> <span class='ocrx_word' id='word_1_19' title='bbox 1055 780 1237 864; x_wconf 88' lang='lat' dir='ltr'><strong>Cvspiniani</strong></span> <span class='ocrx_word' id='word_1_20' title='bbox 1260 780 1361 844; x_wconf 91' lang='lat' dir='ltr'><strong>oratio</strong></span> <span class='ocrx_word' id='word_1_21' title='bbox 1385 798 1456 864; x_wconf 81' lang='lat' dir='ltr'><strong>pro</strong></span> <span class='ocrx_word' id='word_1_22' title='bbox 1467 781 1481 860; x_wconf 95' lang='grc' dir='ltr'><em>Ι</em></span> <span class='ocrx_word' id='word_1_23' title='bbox 1493 779 1631 864; x_wconf 86' lang='lat' dir='ltr'><strong>treptica</strong></span> <span class='ocrx_word' id='word_1_24' title='bbox 1645 777 1685 843; x_wconf 88' lang='lat' dir='ltr'><strong>ad</strong></span> <span class='ocrx_word' id='word_1_25' title='bbox 1701 777 1732 844; x_wconf 89' lang='lat' dir='ltr'><strong>S.</strong></span> <span class='ocrx_word' id='word_1_26' title='bbox 1749 779 1808 842; x_wconf 87' lang='lat' dir='ltr'><strong>Ro.</strong></span> <span class='ocrx_word' id='word_1_27' title='bbox 1826 779 1954 866; x_wconf 90' lang='lat' dir='ltr'><strong>Imperij</strong></span> <span class='ocrx_word' id='word_1_28' title='bbox 1973 779 2130 865; x_wconf 88' lang='lat' dir='ltr'><strong>principes</strong></span> 
     </span>
     <span class='ocr_line' id='line_1_4' title="bbox 744 885 2130 974; baseline -0.003 -18"><span class='ocrx_word' id='word_1_29' title='bbox 744 887 777 956; x_wconf 76' lang='lat' dir='ltr'><strong>dr</strong></span> <span class='ocrx_word' id='word_1_30' title='bbox 801 907 961 974; x_wconf 84' lang='lat' dir='ltr'><strong>proceres,</strong></span> <span class='ocrx_word' id='word_1_31' title='bbox 986 893 1020 952; x_wconf 89' lang='lat' dir='ltr'><strong>ut</strong></span> <span class='ocrx_word' id='word_1_32' title='bbox 1043 885 1128 951; x_wconf 93' lang='lat' dir='ltr'><strong>bella</strong></span> <span class='ocrx_word' id='word_1_33' title='bbox 1150 887 1325 972; x_wconf 75' lang='lat' dir='ltr'><strong>suscipiant</strong></span> <span class='ocrx_word' id='word_1_34' title='bbox 1348 891 1462 952; x_wconf 86' lang='lat' dir='ltr'><strong>contra</strong></span> <span class='ocrx_word' id='word_1_35' title='bbox 1488 887 1566 951; x_wconf 84' lang='lat' dir='ltr'><strong>Tur·</strong></span> <span class='ocrx_word' id='word_1_36' title='bbox 1578 888 1591 967; x_wconf 99' lang='grc' dir='ltr'><em>Ι</em></span> <span class='ocrx_word' id='word_1_37' title='bbox 1605 905 1692 951; x_wconf 92' lang='lat' dir='ltr'><strong>cum:</strong></span> <span class='ocrx_word' id='word_1_38' title='bbox 1718 905 1789 951; x_wconf 90' lang='lat' dir='ltr'><strong>cum</strong></span> <span class='ocrx_word' id='word_1_39' title='bbox 1820 885 2034 970; x_wconf 80' lang='lat' dir='ltr'><strong>descriptione</strong></span> <span class='ocrx_word' id='word_1_40' title='bbox 2061 907 2130 952; x_wconf 94' lang='lat' dir='ltr'><strong>con·</strong></span> 
     </span>
     <span class='ocr_line' id='line_1_5' title="bbox 741 991 2132 1080; baseline -0.001 -20"><span class='ocrx_word' id='word_1_41' title='bbox 741 993 845 1061; x_wconf 84' lang='lat' dir='ltr'><strong>flletus</strong></span> <span class='ocrx_word' id='word_1_42' title='bbox 869 997 901 1060; x_wconf 92' lang='lat' dir='ltr'><strong>in</strong></span> <span class='ocrx_word' id='word_1_43' title='bbox 926 994 1093 1079; x_wconf 85' lang='lat' dir='ltr'><strong>Hungaria</strong></span> <span class='ocrx_word' id='word_1_44' title='bbox 1116 994 1202 1066; x_wconf 83' lang='lat' dir='ltr'><strong>facti,</strong></span> <span class='ocrx_word' id='word_1_45' title='bbox 1227 1013 1288 1078; x_wconf 90' lang='lat' dir='ltr'><strong>quo</strong></span> <span class='ocrx_word' id='word_1_46' title='bbox 1311 993 1408 1080; x_wconf 88' lang='lat' dir='ltr'><strong>perijt</strong></span> <span class='ocrx_word' id='word_1_47' title='bbox 1431 1012 1492 1058; x_wconf 83' lang='lat' dir='ltr'><strong>rex</strong></span> <span class='ocrx_word' id='word_1_48' title='bbox 1515 993 1602 1058; x_wconf 88' lang='lat' dir='ltr'><strong>Hun-</strong></span> <span class='ocrx_word' id='word_1_49' title='bbox 1614 997 1627 1075; x_wconf 96' lang='grc' dir='ltr'><em>Ι</em></span> <span class='ocrx_word' id='word_1_50' title='bbox 1639 994 1740 1078; x_wconf 83' lang='lat' dir='ltr'><strong>gariae</strong></span> <span class='ocrx_word' id='word_1_51' title='bbox 1764 991 1943 1058; x_wconf 83' lang='lat' dir='ltr'><strong>Lvdovicvs</strong></span> <span class='ocrx_word' id='word_1_52' title='bbox 1966 992 2050 1079; x_wconf 85' lang='lat' dir='ltr'><strong>(etc.)</strong></span> <span class='ocrx_word' id='word_1_53' title='bbox 2074 995 2132 1058; x_wconf 83' lang='lat' dir='ltr'><strong>Ac</strong></span> 
     </span>
     <span class='ocr_line' id='line_1_6' title="bbox 744 1099 2131 1186; baseline -0.003 -18"><span class='ocrx_word' id='word_1_54' title='bbox 744 1103 840 1168; x_wconf 88' lang='lat' dir='ltr'><strong>cessit</strong></span> <span class='ocrx_word' id='word_1_55' title='bbox 851 1107 864 1183; x_wconf 96' lang='grc' dir='ltr'><em>Ι</em></span> <span class='ocrx_word' id='word_1_56' title='bbox 877 1102 1059 1168; x_wconf 92' lang='lat' dir='ltr'><strong>Chronicon</strong></span> <span class='ocrx_word' id='word_1_57' title='bbox 1083 1101 1230 1186; x_wconf 80' lang='lat' dir='ltr'><strong>Magistri</strong></span> <span class='ocrx_word' id='word_1_58' title='bbox 1254 1099 1379 1166; x_wconf 87' lang='lat' dir='ltr'><strong>Alberti</strong></span> <span class='ocrx_word' id='word_1_59' title='bbox 1391 1103 1404 1180; x_wconf 99' lang='grc' dir='ltr'><em>Ι</em></span> <span class='ocrx_word' id='word_1_60' title='bbox 1417 1100 1662 1186; x_wconf 83' lang='lat' dir='ltr'><strong>Argentinensis</strong></span> <span class='ocrx_word' id='word_1_61' title='bbox 1688 1100 1843 1185; x_wconf 90' lang='lat' dir='ltr'><strong>incipiens</strong></span> <span class='ocrx_word' id='word_1_62' title='bbox 1866 1099 1887 1163; x_wconf 77' lang='lat' dir='ltr'><strong>a</strong></span> <span class='ocrx_word' id='word_1_63' title='bbox 1910 1100 1971 1164; x_wconf 76' lang='lat' dir='ltr'><strong>ltu·</strong></span> <span class='ocrx_word' id='word_1_64' title='bbox 1987 1104 2000 1180; x_wconf 97' lang='grc' dir='ltr'><em>Ι</em></span> <span class='ocrx_word' id='word_1_65' title='bbox 2016 1099 2131 1186; x_wconf 92' lang='lat' dir='ltr'><strong>dolpho</strong></span> 
     </span>
     <span class='ocr_line' id='line_1_7' title="bbox 743 1206 2131 1294; baseline -0.001 -21"><span class='ocrx_word' id='word_1_66' title='bbox 743 1210 847 1294; x_wconf 90' lang='lat' dir='ltr'><strong>primo</strong></span> <span class='ocrx_word' id='word_1_67' title='bbox 865 1207 1115 1294; x_wconf 83' lang='lat' dir='ltr'><strong>Habspurgensi,</strong></span> <span class='ocrx_word' id='word_1_68' title='bbox 1133 1227 1209 1294; x_wconf 79' lang='lat' dir='ltr'><strong>usq3</strong></span> <span class='ocrx_word' id='word_1_69' title='bbox 1226 1207 1266 1272; x_wconf 89' lang='lat' dir='ltr'><strong>ad</strong></span> <span class='ocrx_word' id='word_1_70' title='bbox 1278 1210 1291 1289; x_wconf 96' lang='grc' dir='ltr'><em>Ι</em></span> <span class='ocrx_word' id='word_1_71' title='bbox 1303 1227 1360 1272; x_wconf 87' lang='lat' dir='ltr'><strong>sua</strong></span> <span class='ocrx_word' id='word_1_72' title='bbox 1378 1211 1532 1291; x_wconf 87' lang='lat' dir='ltr'><strong>tempora.</strong></span> <span class='ocrx_word' id='word_1_73' title='bbox 1546 1210 1559 1288; x_wconf 96' lang='grc' dir='ltr'><em>Ι</em></span> <span class='ocrx_word' id='word_1_74' title='bbox 1572 1206 1651 1272; x_wconf 91' lang='lat' dir='ltr'><strong>Cum</strong></span> <span class='ocrx_word' id='word_1_75' title='bbox 1668 1207 1820 1292; x_wconf 79' lang='lat' dir='ltr'><strong>Casperis</strong></span> <span class='ocrx_word' id='word_1_76' title='bbox 1832 1207 1981 1272; x_wconf 87' lang='lat' dir='ltr'><strong>Bruschii</strong></span> <span class='ocrx_word' id='word_1_77' title='bbox 1996 1209 2131 1292; x_wconf 76' lang='lat' dir='ltr'><strong>poetae!</strong></span> 
     </span>
     <span class='ocr_line' id='line_1_8' title="bbox 744 1313 2131 1398; baseline -0.001 -18"><span class='ocrx_word' id='word_1_78' title='bbox 744 1316 893 1381; x_wconf 76' lang='lat' dir='ltr'><strong>laureati</strong></span> <span class='ocrx_word' id='word_1_79' title='bbox 918 1313 952 1382; x_wconf 80' lang='lat' dir='ltr'><strong>dr</strong></span> <span class='ocrx_word' id='word_1_80' title='bbox 976 1315 1105 1380; x_wconf 89' lang='lat' dir='ltr'><strong>Comitis</strong></span> <span class='ocrx_word' id='word_1_81' title='bbox 1137 1314 1277 1380; x_wconf 78' lang='lat' dir='ltr'><strong>Palatini</strong></span> <span class='ocrx_word' id='word_1_82' title='bbox 1308 1314 1513 1388; x_wconf 78' lang='lat' dir='ltr'><strong>Praeiatione.</strong></span> <span class='ocrx_word' id='word_1_83' title='bbox 1537 1333 1608 1397; x_wconf 83' lang='lat' dir='ltr'><strong>quae</strong></span> <span class='ocrx_word' id='word_1_84' title='bbox 1632 1313 1781 1379; x_wconf 84' lang='lat' dir='ltr'><strong>Carmine</strong></span> <span class='ocrx_word' id='word_1_85' title='bbox 1808 1314 1959 1398; x_wconf 81' lang='lat' dir='ltr'><strong>Elegiaco</strong></span> <span class='ocrx_word' id='word_1_86' title='bbox 1974 1315 1990 1396; x_wconf 95' lang='grc' dir='ltr'><em>Ι</em></span> <span class='ocrx_word' id='word_1_87' title='bbox 2004 1315 2131 1398; x_wconf 82' lang='lat' dir='ltr'><strong>scripta,</strong></span> 
     </span>
     <span class='ocr_line' id='line_1_9' title="bbox 741 1417 2133 1506; baseline -0.001 -19"><span class='ocrx_word' id='word_1_88' title='bbox 741 1423 919 1487; x_wconf 86' lang='lat' dir='ltr'><strong>Encomion</strong></span> <span class='ocrx_word' id='word_1_89' title='bbox 944 1421 1084 1488; x_wconf 89' lang='lat' dir='ltr'><strong>eiusdem</strong></span> <span class='ocrx_word' id='word_1_90' title='bbox 1108 1421 1247 1486; x_wconf 85' lang='lat' dir='ltr'><strong>Austriae</strong></span> <span class='ocrx_word' id='word_1_91' title='bbox 1271 1421 1420 1485; x_wconf 86' lang='lat' dir='ltr'><strong>eontinet.</strong></span> <span class='ocrx_word' id='word_1_92' title='bbox 1435 1422 1448 1501; x_wconf 97' lang='grc' dir='ltr'><em>Ι</em></span> <span class='ocrx_word' id='word_1_93' title='bbox 1461 1417 1538 1504; x_wconf 81' lang='lat' dir='ltr'><strong>(inc.</strong></span> <span class='ocrx_word' id='word_1_94' title='bbox 1561 1419 1598 1484; x_wconf 78' lang='lat' dir='ltr'><strong>in</strong></span> <span class='ocrx_word' id='word_1_95' title='bbox 1626 1420 1726 1506; x_wconf 76' lang='lat' dir='ltr'><strong>tepeo</strong></span> <span class='ocrx_word' id='word_1_96' title='bbox 1755 1419 1863 1486; x_wconf 65' lang='lat' dir='ltr'><strong>sende</strong></span> <span class='ocrx_word' id='word_1_97' title='bbox 1893 1439 1916 1484; x_wconf 87' lang='lat' dir='ltr'><strong>a</strong></span> <span class='ocrx_word' id='word_1_98' title='bbox 1946 1421 2059 1504; x_wconf 82' lang='lat' dir='ltr'><strong>quello</strong></span> <span class='ocrx_word' id='word_1_99' title='bbox 2081 1419 2133 1486; x_wconf 83' lang='lat' dir='ltr'><strong>det</strong></span> 
     </span>
     <span class='ocr_line' id='line_1_10' title="bbox 742 1523 2134 1615; baseline -0.002 -19"><span class='ocrx_word' id='word_1_100' title='bbox 742 1523 885 1598; x_wconf 76' lang='lat' dir='ltr'><strong>numero</strong></span> <span class='ocrx_word' id='word_1_101' title='bbox 904 1529 1117 1615; x_wconf 75' lang='lat' dir='ltr'><strong>precedente)</strong></span> <span class='ocrx_word' id='word_1_102' title='bbox 1129 1532 1142 1611; x_wconf 97' lang='grc' dir='ltr'><em>Ι</em></span> <span class='ocrx_word' id='word_1_103' title='bbox 1157 1530 1368 1602; x_wconf 86' lang='lat' dir='ltr'><strong>Basileae,</strong></span> <span class='ocrx_word' id='word_1_104' title='bbox 1394 1549 1452 1615; x_wconf 92' lang='lat' dir='ltr'><strong>per</strong></span> <span class='ocrx_word' id='word_1_105' title='bbox 1473 1530 1624 1594; x_wconf 88' lang='lat' dir='ltr'><strong>loannem</strong></span> <span class='ocrx_word' id='word_1_106' title='bbox 1638 1528 1909 1614; x_wconf 70' lang='lat' dir='ltr'><strong>[oporinum.</strong></span> <span class='ocrx_word' id='word_1_107' title='bbox 1937 1528 2067 1594; x_wconf 85' lang='lat'><strong>1553.»</strong></span> <span class='ocrx_word' id='word_1_108' title='bbox 2092 1529 2134 1594; x_wconf 80' lang='lat' dir='ltr'><strong>In</strong></span> 
     </span>
     <span class='ocr_line' id='line_1_11' title="bbox 742 1636 2131 1722; baseline -0.003 -18"><span class='ocrx_word' id='word_1_109' title='bbox 742 1638 825 1722; x_wconf 77' lang='lat' dir='ltr'><strong>fine:</strong></span> <span class='ocrx_word' id='word_1_110' title='bbox 843 1657 861 1700; x_wconf 69' lang='lat' dir='ltr'><strong>r</strong></span> <span class='ocrx_word' id='word_1_111' title='bbox 879 1638 1090 1710; x_wconf 84' lang='lat' dir='ltr'><strong>Basileae,</strong></span> <span class='ocrx_word' id='word_1_112' title='bbox 1115 1657 1174 1722; x_wconf 90' lang='lat' dir='ltr'><strong>per</strong></span> <span class='ocrx_word' id='word_1_113' title='bbox 1191 1640 1343 1703; x_wconf 89' lang='lat' dir='ltr'><strong>Ioannem</strong></span> <span class='ocrx_word' id='word_1_114' title='bbox 1367 1636 1622 1721; x_wconf 82' lang='lat' dir='ltr'><strong>Hervagivm</strong></span> <span class='ocrx_word' id='word_1_115' title='bbox 1646 1637 1868 1718; x_wconf 84' lang='lat' dir='ltr'><strong>etlloannem</strong></span> <span class='ocrx_word' id='word_1_116' title='bbox 1889 1636 2131 1722; x_wconf 85' lang='lat' dir='ltr'><strong>Oporinum‚</strong></span> 
     </span>
     <span class='ocr_line' id='line_1_12' title="bbox 743 1739 2134 1829; baseline 0.001 -21"><span class='ocrx_word' id='word_1_117' title='bbox 743 1764 829 1808; x_wconf 89' lang='lat' dir='ltr'><strong>anno</strong></span> <span class='ocrx_word' id='word_1_118' title='bbox 852 1745 963 1810; x_wconf 89' lang='lat' dir='ltr'><strong>salutis</strong></span> <span class='ocrx_word' id='word_1_119' title='bbox 978 1745 1126 1814; x_wconf 84' lang='lat' dir='ltr'><strong>humanae</strong></span> <span class='ocrx_word' id='word_1_120' title='bbox 1143 1765 1168 1810; x_wconf 89' lang='lat' dir='ltr'><strong>u</strong></span> <span class='ocrx_word' id='word_1_121' title='bbox 1182 1793 1189 1807; x_wconf 89' lang='lat'><strong>.</strong></span> <span class='ocrx_word' id='word_1_122' title='bbox 1204 1765 1226 1810; x_wconf 87' lang='lat' dir='ltr'><strong>n</strong></span> <span class='ocrx_word' id='word_1_123' title='bbox 1239 1793 1245 1807; x_wconf 93' lang='lat'><strong>.</strong></span> <span class='ocrx_word' id='word_1_124' title='bbox 1260 1763 1342 1809; x_wconf 83' lang='lat' dir='ltr'><strong>n111.</strong></span> <span class='ocrx_word' id='word_1_125' title='bbox 1356 1746 1370 1824; x_wconf 95' lang='grc' dir='ltr'><em>Ι</em></span> <span class='ocrx_word' id='word_1_126' title='bbox 1382 1745 1493 1808; x_wconf 91' lang='lat' dir='ltr'><strong>Mense</strong></span> <span class='ocrx_word' id='word_1_127' title='bbox 1509 1743 1688 1829; x_wconf 85' lang='lat' dir='ltr'><strong>Septembri</strong></span> <span class='ocrx_word' id='word_1_128' title='bbox 1705 1762 1734 1819; x_wconf 90' lang='lat'><strong>»;</strong></span> <span class='ocrx_word' id='word_1_129' title='bbox 1750 1745 1805 1808; x_wconf 83' lang='lat' dir='ltr'><strong>net</strong></span> <span class='ocrx_word' id='word_1_130' title='bbox 1820 1762 1915 1810; x_wconf 70' lang='lat' dir='ltr'><strong>ormo</strong></span> <span class='ocrx_word' id='word_1_131' title='bbox 1932 1739 2134 1810; x_wconf 82' lang='lat' dir='ltr'><strong>dett’ultimo</strong></span> 
     </span>
     <span class='ocr_line' id='line_1_13' title="bbox 739 1847 2135 1938; baseline -0.001 -22"><span class='ocrx_word' id='word_1_132' title='bbox 739 1851 874 1938; x_wconf 75' lang='lat' dir='ltr'><strong>papirio</strong></span> <span class='ocrx_word' id='word_1_133' title='bbox 897 1849 915 1916; x_wconf 78' lang='grc' dir='ltr'><em>ἑ</em></span> <span class='ocrx_word' id='word_1_134' title='bbox 937 1871 1008 1916; x_wconf 82' lang='lat' dir='ltr'><strong>uno</strong></span> <span class='ocrx_word' id='word_1_135' title='bbox 1030 1851 1192 1918; x_wconf 65' lang='lat' dir='ltr'><strong>incidens</strong></span> <span class='ocrx_word' id='word_1_136' title='bbox 1206 1850 1243 1916; x_wconf 80' lang='lat' dir='ltr'><strong>in</strong></span> <span class='ocrx_word' id='word_1_137' title='bbox 1259 1851 1357 1936; x_wconf 71' lang='lat' dir='ltr'><strong>tepeo</strong></span> <span class='ocrx_word' id='word_1_138' title='bbox 1375 1869 1495 1932; x_wconf 80' lang='lat' dir='ltr'><strong>rappr.</strong></span> <span class='ocrx_word' id='word_1_139' title='bbox 1513 1849 1686 1932; x_wconf 72' lang='lat' dir='ltr'><strong>Mercurio</strong></span> <span class='ocrx_word' id='word_1_140' title='bbox 1710 1850 1860 1932; x_wconf 78' lang='lat' dir='ltr'><strong>tricipite.</strong></span> <span class='ocrx_word' id='word_1_141' title='bbox 1878 1887 1922 1900; x_wconf 92' lang='lat'><em>-</em></span> <span class='ocrx_word' id='word_1_142' title='bbox 1938 1849 2095 1928; x_wconf 77' lang='lat' dir='ltr'><strong>L&#39;iudiee</strong></span> <span class='ocrx_word' id='word_1_143' title='bbox 2117 1847 2135 1914; x_wconf 79' lang='grc' dir='ltr'><em>ἑ</em></span> 
     </span>
     <span class='ocr_line' id='line_1_14' title="bbox 744 1954 1122 2039; baseline -0.019 -16"><span class='ocrx_word' id='word_1_144' title='bbox 744 1974 887 2023; x_wconf 78' lang='lat' dir='ltr'><strong>mmuoe</strong></span> <span class='ocrx_word' id='word_1_145' title='bbox 908 1957 943 2020; x_wconf 87' lang='lat' dir='ltr'><strong>ct</strong></span> <span class='ocrx_word' id='word_1_146' title='bbox 966 1954 1008 2020; x_wconf 90' lang='lat' dir='ltr'><strong>N.</strong></span> <span class='ocrx_word' id='word_1_147' title='bbox 1029 1973 1122 2039; x_wconf 79' lang='lat' dir='ltr'><strong>pree.</strong></span> 
     </span>
    </p>

    <p class='ocr_par' dir='ltr' id='par_1_3' title="bbox 744 2075 2166 2255">
     <span class='ocr_line' id='line_1_15' title="bbox 797 2075 2153 2146; baseline -0.002 -14"><span class='ocrx_word' id='word_1_148' title='bbox 797 2079 826 2132; x_wconf 90' lang='lat' dir='ltr'><strong>ln</strong></span> <span class='ocrx_word' id='word_1_149' title='bbox 846 2077 892 2133; x_wconf 84' lang='lat' dir='ltr'><strong>iol.</strong></span> <span class='ocrx_word' id='word_1_150' title='bbox 912 2077 1049 2132; x_wconf 86' lang='lat' dir='ltr'><strong>Continua</strong></span> <span class='ocrx_word' id='word_1_151' title='bbox 1067 2078 1096 2132; x_wconf 88' lang='lat' dir='ltr'><strong>la</strong></span> <span class='ocrx_word' id='word_1_152' title='bbox 1115 2077 1294 2146; x_wconf 81' lang='lat' dir='ltr'><strong>paginazicne</strong></span> <span class='ocrx_word' id='word_1_153' title='bbox 1312 2076 1356 2131; x_wconf 89' lang='lat' dir='ltr'><strong>del</strong></span> <span class='ocrx_word' id='word_1_154' title='bbox 1375 2076 1408 2129; x_wconf 89' lang='lat' dir='ltr'><strong>N.</strong></span> <span class='ocrx_word' id='word_1_155' title='bbox 1428 2075 1590 2146; x_wconf 83' lang='lat' dir='ltr'><strong>precedente</strong></span> <span class='ocrx_word' id='word_1_156' title='bbox 1610 2093 1625 2130; x_wconf 87' lang='lat' dir='ltr'><strong>e</strong></span> <span class='ocrx_word' id='word_1_157' title='bbox 1644 2077 1747 2146; x_wconf 80' lang='lat' dir='ltr'><strong>giunge</strong></span> <span class='ocrx_word' id='word_1_158' title='bbox 1772 2075 1829 2130; x_wconf 85' lang='lat' dir='ltr'><strong>alla</strong></span> <span class='ocrx_word' id='word_1_159' title='bbox 1848 2091 1909 2146; x_wconf 79' lang='lat' dir='ltr'><strong>pag.</strong></span> <span class='ocrx_word' id='word_1_160' title='bbox 1928 2075 1995 2142; x_wconf 79' lang='lat'><strong>7253</strong></span> <span class='ocrx_word' id='word_1_161' title='bbox 2014 2092 2153 2146; x_wconf 78' lang='lat' dir='ltr'><strong>seguono</strong></span> 
     </span>
     <span class='ocr_line' id='line_1_16' title="bbox 744 2153 2166 2255; baseline -0.001 -17"><span class='ocrx_word' id='word_1_162' title='bbox 744 2203 770 2255; x_wconf 88' lang='lat' dir='ltr'><strong>p.</strong></span> <span class='ocrx_word' id='word_1_163' title='bbox 789 2187 813 2254; x_wconf 80' lang='lat' dir='ltr'><strong>(l</strong></span> <span class='ocrx_word' id='word_1_164' title='bbox 836 2186 968 2239; x_wconf 85' lang='lat' dir='ltr'><strong>blancae</strong></span> <span class='ocrx_word' id='word_1_165' title='bbox 987 2185 1041 2252; x_wconf 74' lang='lat'><strong>44).</strong></span> <span class='ocrx_word' id='word_1_166' title='bbox 1796 2157 1798 2160; x_wconf 21' lang='grc' dir='ltr'>Ι</span> <span class='ocrx_word' id='word_1_167' title='bbox 2151 2153 2166 2164; x_wconf 43' lang='lat'>⁰</span> 
     </span>
    </p>

    <p class='ocr_par' dir='ltr' id='par_1_4' title="bbox 797 2289 2137 2360">
     <span class='ocr_line' id='line_1_17' title="bbox 797 2289 2137 2360; baseline 0 -14"><span class='ocrx_word' id='word_1_168' title='bbox 797 2293 1011 2346; x_wconf 67' lang='lat' dir='ltr'><strong>aulea-aomo</strong></span> <span class='ocrx_word' id='word_1_169' title='bbox 1030 2307 1239 2348; x_wconf 71' lang='lat' dir='ltr'><strong>miserrimum.</strong></span> <span class='ocrx_word' id='word_1_170' title='bbox 1252 2321 1286 2333; x_wconf 96' lang='lat'><em>-</em></span> <span class='ocrx_word' id='word_1_171' title='bbox 1299 2290 1366 2360; x_wconf 77' lang='lat' dir='ltr'><strong>Leg.</strong></span> <span class='ocrx_word' id='word_1_172' title='bbox 1380 2292 1408 2344; x_wconf 85' lang='lat' dir='ltr'><strong>in</strong></span> <span class='ocrx_word' id='word_1_173' title='bbox 1425 2289 1497 2360; x_wconf 88' lang='lat' dir='ltr'><strong>pelle</strong></span> <span class='ocrx_word' id='word_1_174' title='bbox 1510 2291 1598 2345; x_wconf 88' lang='lat' dir='ltr'><strong>suina.</strong></span> <span class='ocrx_word' id='word_1_175' title='bbox 1612 2319 1645 2332; x_wconf 90' lang='lat'><strong>·-</strong></span> <span class='ocrx_word' id='word_1_176' title='bbox 1660 2290 1839 2360; x_wconf 87' lang='lat' dir='ltr'><strong>impressione</strong></span> <span class='ocrx_word' id='word_1_177' title='bbox 1858 2291 1982 2350; x_wconf 82' lang='lat' dir='ltr'><strong>centrale</strong></span> <span class='ocrx_word' id='word_1_178' title='bbox 1999 2291 2096 2346; x_wconf 81' lang='lat' dir='ltr'><strong>dorata</strong></span> <span class='ocrx_word' id='word_1_179' title='bbox 2116 2295 2137 2346; x_wconf 85' lang='lat' dir='ltr'><strong>C</strong></span> 
     </span>
    </p>
   </div>
   <div class='ocr_carea' id='block_1_3' title="bbox 743 2397 2134 2560">
    <p class='ocr_par' dir='ltr' id='par_1_5' title="bbox 743 2397 2134 2560">
     <span class='ocr_line' id='line_1_18' title="bbox 744 2397 2134 2469; baseline 0 -15"><span class='ocrx_word' id='word_1_180' title='bbox 744 2401 789 2456; x_wconf 92' lang='lat' dir='ltr'><strong>nel</strong></span> <span class='ocrx_word' id='word_1_181' title='bbox 803 2399 855 2455; x_wconf 88' lang='lat' dir='ltr'><strong>Dr.</strong></span> <span class='ocrx_word' id='word_1_182' title='bbox 870 2417 885 2456; x_wconf 91' lang='lat' dir='ltr'><strong>e</strong></span> <span class='ocrx_word' id='word_1_183' title='bbox 899 2400 926 2454; x_wconf 84' lang='lat' dir='ltr'><strong>la</strong></span> <span class='ocrx_word' id='word_1_184' title='bbox 939 2400 1003 2454; x_wconf 80' lang='lat' dir='ltr'><strong>data</strong></span> <span class='ocrx_word' id='word_1_185' title='bbox 1015 2401 1097 2453; x_wconf 84' lang='lat'><em>1561.</em></span> <span class='ocrx_word' id='word_1_186' title='bbox 1109 2399 1289 2469; x_wconf 87' lang='lat' dir='ltr'><strong>impressione</strong></span> <span class='ocrx_word' id='word_1_187' title='bbox 1302 2399 1426 2454; x_wconf 87' lang='lat' dir='ltr'><strong>centrale</strong></span> <span class='ocrx_word' id='word_1_188' title='bbox 1438 2399 1535 2452; x_wconf 85' lang='lat' dir='ltr'><strong>derata</strong></span> <span class='ocrx_word' id='word_1_189' title='bbox 1548 2401 1574 2452; x_wconf 91' lang='lat' dir='ltr'><strong><em>D</em></strong></span> <span class='ocrx_word' id='word_1_190' title='bbox 1586 2399 1631 2453; x_wconf 93' lang='lat' dir='ltr'><strong>nel</strong></span> <span class='ocrx_word' id='word_1_191' title='bbox 1643 2397 1679 2453; x_wconf 77' lang='lat' dir='ltr'><strong>R.</strong></span> <span class='ocrx_word' id='word_1_192' title='bbox 1694 2399 1873 2468; x_wconf 85' lang='lat' dir='ltr'><strong>impressione</strong></span> <span class='ocrx_word' id='word_1_193' title='bbox 1885 2399 1912 2452; x_wconf 94' lang='lat' dir='ltr'><strong>di</strong></span> <span class='ocrx_word' id='word_1_194' title='bbox 1926 2403 2059 2454; x_wconf 79' lang='lat' dir='ltr'><strong>conterno</strong></span> <span class='ocrx_word' id='word_1_195' title='bbox 2072 2417 2134 2454; x_wconf 84' lang='lat' dir='ltr'><strong>cece</strong></span> 
     </span>
     <span class='ocr_line' id='line_1_19' title="bbox 743 2503 1015 2560; baseline 0 0"><span class='ocrx_word' id='word_1_196' title='bbox 743 2505 789 2560; x_wconf 88' lang='lat' dir='ltr'><strong>nel</strong></span> <span class='ocrx_word' id='word_1_197' title='bbox 808 2503 861 2560; x_wconf 87' lang='lat' dir='ltr'><strong>Dr.</strong></span> <span class='ocrx_word' id='word_1_198' title='bbox 880 2521 896 2560; x_wconf 92' lang='lat' dir='ltr'><strong>e</strong></span> <span class='ocrx_word' id='word_1_199' title='bbox 914 2505 960 2560; x_wconf 87' lang='lat' dir='ltr'><strong>nel</strong></span> <span class='ocrx_word' id='word_1_200' title='bbox 979 2504 1015 2560; x_wconf 83' lang='lat' dir='ltr'><strong>R.</strong></span> 
     </span>
    </p>
   </div>
   <div class='ocr_carea' id='block_1_4' title="bbox 593 2698 2136 3641">
    <p class='ocr_par' dir='ltr' id='par_1_6' title="bbox 593 2698 2136 3211">
     <span class='ocr_line' id='line_1_20' title="bbox 593 2698 2136 2790; baseline -0.003 -18"><span class='ocrx_word' id='word_1_201' title='bbox 593 2698 693 2772; x_wconf 89' lang='grc'><strong>2021.</strong></span> <span class='ocrx_word' id='word_1_202' title='bbox 716 2701 864 2790; x_wconf 70' lang='lat' dir='ltr'><strong>Albertj</strong></span> <span class='ocrx_word' id='word_1_203' title='bbox 888 2701 1057 2767; x_wconf 86' lang='lat' dir='ltr'><strong>Henricus.</strong></span> <span class='ocrx_word' id='word_1_204' title='bbox 1084 2736 1127 2750; x_wconf 90' lang='lat'><strong>-·</strong></span> <span class='ocrx_word' id='word_1_205' title='bbox 1148 2723 1166 2765; x_wconf 76' lang='lat' dir='ltr'><strong>r</strong></span> <span class='ocrx_word' id='word_1_206' title='bbox 1184 2701 1328 2767; x_wconf 90' lang='lat' dir='ltr'><strong>Heinrici</strong></span> <span class='ocrx_word' id='word_1_207' title='bbox 1353 2700 1482 2768; x_wconf 83' lang='lat' dir='ltr'><strong>Albertl</strong></span> <span class='ocrx_word' id='word_1_208' title='bbox 1497 2705 1509 2780; x_wconf 99' lang='grc' dir='ltr'><em>Ι</em></span> <span class='ocrx_word' id='word_1_209' title='bbox 1523 2701 1749 2766; x_wconf 77' lang='lat' dir='ltr'><strong>Hamis-Dani.</strong></span> <span class='ocrx_word' id='word_1_210' title='bbox 1773 2700 1946 2786; x_wconf 83' lang='lat' dir='ltr'><strong>(Raccoltc</strong></span> <span class='ocrx_word' id='word_1_211' title='bbox 1969 2701 2005 2767; x_wconf 84' lang='lat' dir='ltr'><strong>di</strong></span> <span class='ocrx_word' id='word_1_212' title='bbox 2023 2703 2136 2784; x_wconf 80' lang='lat' dir='ltr'><strong>poesie</strong></span> 
     </span>
     <span class='ocr_line' id='line_1_21' title="bbox 746 2807 2133 2897; baseline -0.004 -20"><span class='ocrx_word' id='word_1_213' title='bbox 746 2811 902 2877; x_wconf 84' lang='lat' dir='ltr'><strong>dedicata</strong></span> <span class='ocrx_word' id='word_1_214' title='bbox 916 2831 932 2872; x_wconf 76' lang='lat' dir='ltr'><strong>s</strong></span> <span class='ocrx_word' id='word_1_215' title='bbox 943 2810 1125 2876; x_wconf 89' lang='lat' dir='ltr'><strong>Christiano</strong></span> <span class='ocrx_word' id='word_1_216' title='bbox 1133 2816 1147 2892; x_wconf 95' lang='grc' dir='ltr'><em>Ι</em></span> <span class='ocrx_word' id='word_1_217' title='bbox 1158 2809 1274 2886; x_wconf 87' lang='lat' dir='ltr'><strong>Quinto</strong></span> <span class='ocrx_word' id='word_1_218' title='bbox 1287 2807 1371 2897; x_wconf 83' lang='lat' dir='ltr'><strong>(etc.)</strong></span> <span class='ocrx_word' id='word_1_219' title='bbox 1384 2811 1493 2874; x_wconf 87' lang='lat' dir='ltr'><strong>Daniee</strong></span> <span class='ocrx_word' id='word_1_220' title='bbox 1506 2808 1589 2895; x_wconf 80' lang='lat' dir='ltr'><strong>(etc.)</strong></span> <span class='ocrx_word' id='word_1_221' title='bbox 1603 2810 1694 2894; x_wconf 78' lang='lat' dir='ltr'><strong>Regi,</strong></span> <span class='ocrx_word' id='word_1_222' title='bbox 1705 2809 1737 2894; x_wconf 73' lang='lat' dir='ltr'><strong>s)</strong></span> <span class='ocrx_word' id='word_1_223' title='bbox 1746 2811 1760 2889; x_wconf 96' lang='grc' dir='ltr'><em>Ι</em></span> <span class='ocrx_word' id='word_1_224' title='bbox 1769 2808 1845 2893; x_wconf 81' lang='lat' dir='ltr'><strong>(inc.</strong></span> <span class='ocrx_word' id='word_1_225' title='bbox 1859 2809 1896 2874; x_wconf 80' lang='lat' dir='ltr'><strong>io</strong></span> <span class='ocrx_word' id='word_1_226' title='bbox 1908 2809 2004 2896; x_wconf 75' lang='lat' dir='ltr'><strong>depae</strong></span> <span class='ocrx_word' id='word_1_227' title='bbox 2016 2829 2133 2892; x_wconf 77' lang='lat' dir='ltr'><strong>rcppr.</strong></span> 
     </span>
     <span class='ocr_line' id='line_1_22' title="bbox 745 2913 2134 3001; baseline -0.001 -18"><span class='ocrx_word' id='word_1_228' title='bbox 745 2937 817 2983; x_wconf 80' lang='lat' dir='ltr'><strong>uuo</strong></span> <span class='ocrx_word' id='word_1_229' title='bbox 832 2937 959 2984; x_wconf 79' lang='lat' dir='ltr'><strong>corona</strong></span> <span class='ocrx_word' id='word_1_230' title='bbox 975 2917 1011 2982; x_wconf 85' lang='lat' dir='ltr'><strong>di</strong></span> <span class='ocrx_word' id='word_1_231' title='bbox 1027 2919 1135 2984; x_wconf 81' lang='lat' dir='ltr'><strong>altore</strong></span> <span class='ocrx_word' id='word_1_232' title='bbox 1150 2919 1206 2983; x_wconf 80' lang='lat' dir='ltr'><strong>nel</strong></span> <span class='ocrx_word' id='word_1_233' title='bbox 1222 2922 1335 2983; x_wconf 85' lang='lat' dir='ltr'><strong>centro</strong></span> <span class='ocrx_word' id='word_1_234' title='bbox 1351 2917 1441 2982; x_wconf 86' lang='lat' dir='ltr'><strong>detta</strong></span> <span class='ocrx_word' id='word_1_235' title='bbox 1463 2917 1563 3001; x_wconf 78' lang='lat' dir='ltr'><strong>quale</strong></span> <span class='ocrx_word' id='word_1_236' title='bbox 1585 2913 1604 2980; x_wconf 82' lang='grc' dir='ltr'><em>ἑ</em></span> <span class='ocrx_word' id='word_1_237' title='bbox 1626 2916 1755 2982; x_wconf 74' lang='lat' dir='ltr'><strong>scilta:</strong></span> <span class='ocrx_word' id='word_1_238' title='bbox 1778 2935 1899 2982; x_wconf 80' lang='lat' dir='ltr'><strong>uvsns</strong></span> <span class='ocrx_word' id='word_1_239' title='bbox 1911 2920 1924 2998; x_wconf 97' lang='grc' dir='ltr'><em>Ι</em></span> <span class='ocrx_word' id='word_1_240' title='bbox 1936 2935 2134 2982; x_wconf 79' lang='lat' dir='ltr'><strong>anonnscnu·</strong></span> 
     </span>
     <span class='ocr_line' id='line_1_23' title="bbox 746 3022 2135 3108; baseline -0.003 -18"><span class='ocrx_word' id='word_1_241' title='bbox 746 3043 811 3090; x_wconf 77' lang='lat' dir='ltr'><strong>rna</strong></span> <span class='ocrx_word' id='word_1_242' title='bbox 823 3025 837 3103; x_wconf 99' lang='grc' dir='ltr'><em>Ι</em></span> <span class='ocrx_word' id='word_1_243' title='bbox 850 3029 983 3108; x_wconf 78' lang='lat' dir='ltr'><strong>vasus.)</strong></span> <span class='ocrx_word' id='word_1_244' title='bbox 1000 3023 1153 3090; x_wconf 89' lang='lat' dir='ltr'><strong>Iuvenilis</strong></span> <span class='ocrx_word' id='word_1_245' title='bbox 1169 3042 1264 3088; x_wconf 90' lang='lat' dir='ltr'><strong>error</strong></span> <span class='ocrx_word' id='word_1_246' title='bbox 1278 3022 1416 3088; x_wconf 89' lang='lat' dir='ltr'><strong>dedecus</strong></span> <span class='ocrx_word' id='word_1_247' title='bbox 1438 3025 1486 3108; x_wconf 84' lang='lat' dir='ltr'><strong>gi·</strong></span> <span class='ocrx_word' id='word_1_248' title='bbox 1499 3027 1512 3103; x_wconf 97' lang='grc' dir='ltr'><em>Ι</em></span> <span class='ocrx_word' id='word_1_249' title='bbox 1525 3023 1594 3108; x_wconf 85' lang='lat' dir='ltr'><strong>gnit</strong></span> <span class='ocrx_word' id='word_1_250' title='bbox 1616 3023 1729 3088; x_wconf 91' lang='lat' dir='ltr'><strong>minus.</strong></span> <span class='ocrx_word' id='word_1_251' title='bbox 1742 3026 1756 3102; x_wconf 98' lang='grc' dir='ltr'><em>Ι</em></span> <span class='ocrx_word' id='word_1_252' title='bbox 1769 3023 1940 3094; x_wconf 85' lang='lat' dir='ltr'><strong>Giessse,</strong></span> <span class='ocrx_word' id='word_1_253' title='bbox 1955 3025 1967 3103; x_wconf 95' lang='grc' dir='ltr'><em>Ι</em></span> <span class='ocrx_word' id='word_1_254' title='bbox 1981 3022 2135 3108; x_wconf 80' lang='lat' dir='ltr'><strong>Casperus</strong></span> 
     </span>
     <span class='ocr_line' id='line_1_24' title="bbox 747 3128 1424 3211; baseline -0.001 -17"><span class='ocrx_word' id='word_1_255' title='bbox 747 3129 990 3195; x_wconf 91' lang='lat' dir='ltr'><strong>Chemlinus</strong></span> <span class='ocrx_word' id='word_1_256' title='bbox 1013 3128 1200 3194; x_wconf 84' lang='lat' dir='ltr'><strong>excudebat.</strong></span> <span class='ocrx_word' id='word_1_257' title='bbox 1214 3134 1227 3211; x_wconf 96' lang='grc' dir='ltr'><em>Ι</em></span> <span class='ocrx_word' id='word_1_258' title='bbox 1241 3148 1424 3196; x_wconf 68' lang='lat' dir='ltr'><strong>mccx.»</strong></span> 
     </span>
    </p>

    <p class='ocr_par' dir='ltr' id='par_1_7' title="bbox 800 3251 1167 3323">
     <span class='ocr_line' id='line_1_25' title="bbox 800 3251 1167 3323; baseline 0.005 -19"><span class='ocrx_word' id='word_1_259' title='bbox 800 3251 830 3304; x_wconf 95' lang='lat' dir='ltr'><strong>ln</strong></span> <span class='ocrx_word' id='word_1_260' title='bbox 849 3252 874 3319; x_wconf 82' lang='lat'><strong>8,</strong></span> <span class='ocrx_word' id='word_1_261' title='bbox 894 3252 921 3306; x_wconf 89' lang='lat' dir='ltr'><strong>di</strong></span> <span class='ocrx_word' id='word_1_262' title='bbox 940 3270 1002 3323; x_wconf 85' lang='lat' dir='ltr'><strong>pag.</strong></span> <span class='ocrx_word' id='word_1_263' title='bbox 1022 3253 1088 3321; x_wconf 77' lang='lat'>(24),</span> <span class='ocrx_word' id='word_1_264' title='bbox 1111 3255 1167 3307; x_wconf 87' lang='lat'><strong>176.</strong></span> 
     </span>
    </p>

    <p class='ocr_par' dir='ltr' id='par_1_8' title="bbox 745 3359 2134 3536">
     <span class='ocr_line' id='line_1_26' title="bbox 799 3359 2134 3430; baseline -0.001 -18"><span class='ocrx_word' id='word_1_265' title='bbox 799 3359 851 3416; x_wconf 90' lang='lat' dir='ltr'><strong>Nel</strong></span> <span class='ocrx_word' id='word_1_266' title='bbox 876 3360 963 3429; x_wconf 82' lang='lat' dir='ltr'><strong>foglio</strong></span> <span class='ocrx_word' id='word_1_267' title='bbox 987 3360 1013 3412; x_wconf 91' lang='lat' dir='ltr'><strong>di</strong></span> <span class='ocrx_word' id='word_1_268' title='bbox 1040 3361 1155 3429; x_wconf 80' lang='lat' dir='ltr'><strong>guardia</strong></span> <span class='ocrx_word' id='word_1_269' title='bbox 1173 3361 1201 3415; x_wconf 91' lang='lat' dir='ltr'><strong>in</strong></span> <span class='ocrx_word' id='word_1_270' title='bbox 1221 3361 1370 3430; x_wconf 89' lang='lat' dir='ltr'><strong>principio:</strong></span> <span class='ocrx_word' id='word_1_271' title='bbox 1389 3359 1599 3414; x_wconf 81' lang='lat' dir='ltr'><strong>‹Nobilissimc</strong></span> <span class='ocrx_word' id='word_1_272' title='bbox 1621 3369 1647 3414; x_wconf 87' lang='lat' dir='ltr'><strong>et</strong></span> <span class='ocrx_word' id='word_1_273' title='bbox 1668 3359 1829 3414; x_wconf 82' lang='lat' dir='ltr'><strong>Clarissimo</strong></span> <span class='ocrx_word' id='word_1_274' title='bbox 1849 3359 1916 3412; x_wconf 78' lang='lat' dir='ltr'><strong>lonc</strong></span> <span class='ocrx_word' id='word_1_275' title='bbox 1939 3359 2058 3412; x_wconf 78' lang='lat' dir='ltr'><strong>Grutero</strong></span> <span class='ocrx_word' id='word_1_276' title='bbox 2077 3363 2134 3412; x_wconf 74' lang='lat' dir='ltr'><strong>icto</strong></span> 
     </span>
     <span class='ocr_line' id='line_1_27' title="bbox 745 3467 1515 3536; baseline -0.003 -16"><span class='ocrx_word' id='word_1_277' title='bbox 745 3468 794 3520; x_wconf 81' lang='lat' dir='ltr'><strong>has</strong></span> <span class='ocrx_word' id='word_1_278' title='bbox 813 3469 919 3536; x_wconf 70' lang='lat' dir='ltr'><strong>inuenit</strong></span> <span class='ocrx_word' id='word_1_279' title='bbox 936 3467 1036 3521; x_wconf 79' lang='lat' dir='ltr'><strong>inculti</strong></span> <span class='ocrx_word' id='word_1_280' title='bbox 1050 3469 1191 3535; x_wconf 79' lang='lat' dir='ltr'><strong>primitias</strong></span> <span class='ocrx_word' id='word_1_281' title='bbox 1210 3469 1291 3519; x_wconf 81' lang='lat' dir='ltr'><strong>mittit</strong></span> <span class='ocrx_word' id='word_1_282' title='bbox 1309 3467 1446 3520; x_wconf 75' lang='lat' dir='ltr'><strong>author.»</strong></span> <span class='ocrx_word' id='word_1_283' title='bbox 1465 3483 1515 3519; x_wconf 88' lang='lat' dir='ltr'><strong>ms.</strong></span> 
     </span>
    </p>

    <p class='ocr_par' dir='ltr' id='par_1_9' title="bbox 799 3571 1325 3641">
     <span class='ocr_line' id='line_1_28' title="bbox 799 3571 1325 3641; baseline 0.002 -17"><span class='ocrx_word' id='word_1_284' title='bbox 799 3571 865 3640; x_wconf 80' lang='lat' dir='ltr'><strong>Leg.</strong></span> <span class='ocrx_word' id='word_1_285' title='bbox 884 3572 912 3624; x_wconf 91' lang='lat' dir='ltr'><strong>in</strong></span> <span class='ocrx_word' id='word_1_286' title='bbox 932 3586 1107 3640; x_wconf 80' lang='lat' dir='ltr'><strong>pergamena.</strong></span> <span class='ocrx_word' id='word_1_287' title='bbox 1127 3572 1209 3641; x_wconf 82' lang='lat' dir='ltr'><strong>Fregi</strong></span> <span class='ocrx_word' id='word_1_288' title='bbox 1228 3571 1325 3625; x_wconf 85' lang='lat' dir='ltr'><strong>dorati.</strong></span> 
     </span>
    </p>
   </div>
   <div class='ocr_carea' id='block_1_5' title="bbox 595 3765 2136 5133">
    <p class='ocr_par' dir='ltr' id='par_1_10' title="bbox 595 3765 2136 5133">
     <span class='ocr_line' id='line_1_29' title="bbox 595 3765 2133 3855; baseline -0.005 -17"><span class='ocrx_word' id='word_1_289' title='bbox 595 3765 699 3838; x_wconf 87' lang='grc'><strong>2022.</strong></span> <span class='ocrx_word' id='word_1_290' title='bbox 721 3765 847 3838; x_wconf 78' lang='lat' dir='ltr'><strong>Cicero</strong></span> <span class='ocrx_word' id='word_1_291' title='bbox 871 3768 913 3832; x_wconf 90' lang='lat' dir='ltr'><strong>M.</strong></span> <span class='ocrx_word' id='word_1_292' title='bbox 941 3769 1071 3834; x_wconf 84' lang='lat' dir='ltr'><strong>Tullius.</strong></span> <span class='ocrx_word' id='word_1_293' title='bbox 1096 3799 1140 3816; x_wconf 86' lang='lat'>-</span> <span class='ocrx_word' id='word_1_294' title='bbox 1165 3789 1183 3831; x_wconf 89' lang='lat'><strong>‹</strong></span> <span class='ocrx_word' id='word_1_295' title='bbox 1200 3769 1243 3834; x_wconf 91' lang='lat' dir='ltr'><strong>M.</strong></span> <span class='ocrx_word' id='word_1_296' title='bbox 1269 3770 1361 3834; x_wconf 90' lang='lat' dir='ltr'><strong>Tvllii</strong></span> <span class='ocrx_word' id='word_1_297' title='bbox 1375 3773 1387 3850; x_wconf 98' lang='grc' dir='ltr'><em>Ι</em></span> <span class='ocrx_word' id='word_1_298' title='bbox 1401 3769 1566 3835; x_wconf 84' lang='lat' dir='ltr'><strong>Ciceronis</strong></span> <span class='ocrx_word' id='word_1_299' title='bbox 1577 3773 1590 3852; x_wconf 99' lang='grc' dir='ltr'><em>Ι</em></span> <span class='ocrx_word' id='word_1_300' title='bbox 1603 3788 1702 3855; x_wconf 92' lang='lat' dir='ltr'><strong>opera</strong></span> <span class='ocrx_word' id='word_1_301' title='bbox 1724 3769 1830 3834; x_wconf 92' lang='lat' dir='ltr'><strong>omnia</strong></span> <span class='ocrx_word' id='word_1_302' title='bbox 1842 3772 1856 3849; x_wconf 96' lang='grc' dir='ltr'><em>Ι</em></span> <span class='ocrx_word' id='word_1_303' title='bbox 1868 3787 1939 3852; x_wconf 86' lang='lat' dir='ltr'><strong>qves</strong></span> <span class='ocrx_word' id='word_1_304' title='bbox 1962 3771 2133 3840; x_wconf 79' lang='lat' dir='ltr'><strong>exstante</strong></span> 
     </span>
     <span class='ocr_line' id='line_1_30' title="bbox 746 3873 2133 3962; baseline -0.001 -22"><span class='ocrx_word' id='word_1_305' title='bbox 746 3876 876 3962; x_wconf 86' lang='lat' dir='ltr'><strong>Dionys.</strong></span> <span class='ocrx_word' id='word_1_306' title='bbox 896 3877 910 3954; x_wconf 95' lang='grc' dir='ltr'><em>Ι</em></span> <span class='ocrx_word' id='word_1_307' title='bbox 927 3874 1079 3941; x_wconf 83' lang='lat' dir='ltr'><strong>Lambino</strong></span> <span class='ocrx_word' id='word_1_308' title='bbox 1110 3876 1348 3942; x_wconf 88' lang='lat' dir='ltr'><strong>Monstroliensi</strong></span> <span class='ocrx_word' id='word_1_309' title='bbox 1379 3896 1422 3941; x_wconf 85' lang='lat' dir='ltr'><strong>ex</strong></span> <span class='ocrx_word' id='word_1_310' title='bbox 1437 3879 1451 3957; x_wconf 96' lang='grc' dir='ltr'><em>Ι</em></span> <span class='ocrx_word' id='word_1_311' title='bbox 1467 3875 1628 3942; x_wconf 82' lang='lat' dir='ltr'><strong>codicibrs</strong></span> <span class='ocrx_word' id='word_1_312' title='bbox 1662 3875 1914 3960; x_wconf 75' lang='lat' dir='ltr'><strong>manuscriptis!</strong></span> <span class='ocrx_word' id='word_1_313' title='bbox 1932 3873 2133 3955; x_wconf 79' lang='lat' dir='ltr'><strong>emendatas</strong></span> 
     </span>
     <span class='ocr_line' id='line_1_31' title="bbox 747 3981 2133 4070; baseline -0.001 -22"><span class='ocrx_word' id='word_1_314' title='bbox 747 3981 897 4048; x_wconf 85' lang='lat' dir='ltr'><strong>Eiusdem</strong></span> <span class='ocrx_word' id='word_1_315' title='bbox 921 3983 1065 4070; x_wconf 89' lang='lat' dir='ltr'><strong>Dionysij</strong></span> <span class='ocrx_word' id='word_1_316' title='bbox 1085 3982 1227 4048; x_wconf 89' lang='lat' dir='ltr'><strong>Lambini</strong></span> <span class='ocrx_word' id='word_1_317' title='bbox 1245 3984 1485 4058; x_wconf 87' lang='lat' dir='ltr'><strong>Annotationes‚</strong></span> <span class='ocrx_word' id='word_1_318' title='bbox 1503 4005 1560 4050; x_wconf 92' lang='lat' dir='ltr'><strong>seu</strong></span> <span class='ocrx_word' id='word_1_319' title='bbox 1574 3983 1839 4049; x_wconf 84' lang='lat' dir='ltr'><strong>Emendationum</strong></span> <span class='ocrx_word' id='word_1_320' title='bbox 1855 3984 2006 4056; x_wconf 88' lang='lat' dir='ltr'><strong>rationes,</strong></span> <span class='ocrx_word' id='word_1_321' title='bbox 2019 3987 2032 4066; x_wconf 99' lang='grc' dir='ltr'><em>Ι</em></span> <span class='ocrx_word' id='word_1_322' title='bbox 2043 3981 2133 4068; x_wconf 75' lang='lat' dir='ltr'><strong>longe</strong></span> 
     </span>
     <span class='ocr_line' id='line_1_32' title="bbox 747 4089 2134 4177; baseline 0.002 -25"><span class='ocrx_word' id='word_1_323' title='bbox 747 4091 885 4156; x_wconf 92' lang='lat' dir='ltr'><strong>omnium</strong></span> <span class='ocrx_word' id='word_1_324' title='bbox 909 4090 1117 4156; x_wconf 81' lang='lat' dir='ltr'><strong>auctissimae:</strong></span> <span class='ocrx_word' id='word_1_325' title='bbox 1141 4089 1274 4156; x_wconf 89' lang='lat' dir='ltr'><strong>adiectis</strong></span> <span class='ocrx_word' id='word_1_326' title='bbox 1297 4111 1383 4156; x_wconf 92' lang='lat' dir='ltr'><strong>nuuc</strong></span> <span class='ocrx_word' id='word_1_327' title='bbox 1409 4090 1547 4176; x_wconf 81' lang='lat' dir='ltr'><strong>primirm</strong></span> <span class='ocrx_word' id='word_1_328' title='bbox 1563 4091 1690 4177; x_wconf 70' lang='lat' dir='ltr'><strong>(Fuluij</strong></span> <span class='ocrx_word' id='word_1_329' title='bbox 1716 4090 1828 4155; x_wconf 89' lang='lat' dir='ltr'><strong>Vrsini</strong></span> <span class='ocrx_word' id='word_1_330' title='bbox 1853 4091 1989 4155; x_wconf 87' lang='lat' dir='ltr'><strong>Romani</strong></span> <span class='ocrx_word' id='word_1_331' title='bbox 2012 4091 2134 4170; x_wconf 64' lang='lat' dir='ltr'><strong>Norici</strong></span> 
     </span>
     <span class='ocr_line' id='line_1_33' title="bbox 749 4192 2133 4283; baseline 0 -23"><span class='ocrx_word' id='word_1_332' title='bbox 749 4197 965 4262; x_wconf 81' lang='lat' dir='ltr'><strong>Accesserant</strong></span> <span class='ocrx_word' id='word_1_333' title='bbox 989 4197 1115 4262; x_wconf 92' lang='lat' dir='ltr'><strong>Indices</strong></span> <span class='ocrx_word' id='word_1_334' title='bbox 1138 4217 1248 4262; x_wconf 88' lang='lat' dir='ltr'><strong>rerum</strong></span> <span class='ocrx_word' id='word_1_335' title='bbox 1272 4192 1308 4265; x_wconf 71' lang='lat' dir='ltr'><strong>a</strong></span> <span class='ocrx_word' id='word_1_336' title='bbox 1331 4197 1503 4262; x_wconf 89' lang='lat' dir='ltr'><strong>verborum</strong></span> <span class='ocrx_word' id='word_1_337' title='bbox 1527 4198 1662 4283; x_wconf 92' lang='lat' dir='ltr'><strong>copiosi:</strong></span> <span class='ocrx_word' id='word_1_338' title='bbox 1687 4197 1883 4282; x_wconf 85' lang='lat' dir='ltr'><strong>Fragmenta</strong></span> <span class='ocrx_word' id='word_1_339' title='bbox 1906 4197 2036 4278; x_wconf 78' lang='lat' dir='ltr'><strong>omnia!</strong></span> <span class='ocrx_word' id='word_1_340' title='bbox 2049 4196 2133 4262; x_wconf 77' lang='lat' dir='ltr'><strong>Cice</strong></span> 
     </span>
     <span class='ocr_line' id='line_1_34' title="bbox 749 4303 2135 4389; baseline -0.003 -20"><span class='ocrx_word' id='word_1_341' title='bbox 749 4305 883 4369; x_wconf 88' lang='lat' dir='ltr'><strong>roniana</strong></span> <span class='ocrx_word' id='word_1_342' title='bbox 905 4303 925 4368; x_wconf 78' lang='lat' dir='ltr'><strong>d</strong></span> <span class='ocrx_word' id='word_1_343' title='bbox 949 4303 1101 4368; x_wconf 84' lang='lat' dir='ltr'><strong>Lambino</strong></span> <span class='ocrx_word' id='word_1_344' title='bbox 1125 4303 1159 4372; x_wconf 80' lang='lat' dir='ltr'><strong>dr</strong></span> <span class='ocrx_word' id='word_1_345' title='bbox 1182 4304 1253 4370; x_wconf 89' lang='lat' dir='ltr'><strong>aliis</strong></span> <span class='ocrx_word' id='word_1_346' title='bbox 1277 4304 1428 4370; x_wconf 87' lang='lat' dir='ltr'><strong>collecta:</strong></span> <span class='ocrx_word' id='word_1_347' title='bbox 1454 4305 1634 4370; x_wconf 83' lang='lat' dir='ltr'><strong>Consolatio</strong></span> <span class='ocrx_word' id='word_1_348' title='bbox 1646 4309 1658 4386; x_wconf 96' lang='grc' dir='ltr'><em>Ι</em></span> <span class='ocrx_word' id='word_1_349' title='bbox 1673 4305 1747 4369; x_wconf 88' lang='lat' dir='ltr'><strong>item</strong></span> <span class='ocrx_word' id='word_1_350' title='bbox 1770 4324 1873 4389; x_wconf 88' lang='lat' dir='ltr'><strong>nuper</strong></span> <span class='ocrx_word' id='word_1_351' title='bbox 1898 4307 2036 4389; x_wconf 88' lang='lat' dir='ltr'><strong>reperta.</strong></span> <span class='ocrx_word' id='word_1_352' title='bbox 2050 4303 2135 4384; x_wconf 87' lang='grc' dir='ltr'><em>ΙΡο-</em></span> 
     </span>
     <span class='ocr_line' id='line_1_35' title="bbox 748 4407 2136 4484; baseline -0.003 -9"><span class='ocrx_word' id='word_1_353' title='bbox 748 4410 876 4484; x_wconf 86' lang='lat' dir='ltr'><strong>stremd‚</strong></span> <span class='ocrx_word' id='word_1_354' title='bbox 901 4416 936 4475; x_wconf 86' lang='lat' dir='ltr'><strong>vt</strong></span> <span class='ocrx_word' id='word_1_355' title='bbox 958 4409 1084 4476; x_wconf 80' lang='lat' dir='ltr'><strong>facilids</strong></span> <span class='ocrx_word' id='word_1_356' title='bbox 1108 4407 1142 4479; x_wconf 68' lang='lat' dir='ltr'><strong>a</strong></span> <span class='ocrx_word' id='word_1_357' title='bbox 1165 4410 1358 4477; x_wconf 79' lang='lat' dir='ltr'><strong>commodius</strong></span> <span class='ocrx_word' id='word_1_358' title='bbox 1381 4411 1452 4476; x_wconf 85' lang='lat' dir='ltr'><strong>heac</strong></span> <span class='ocrx_word' id='word_1_359' title='bbox 1475 4410 1570 4476; x_wconf 91' lang='lat' dir='ltr'><strong>editio</strong></span> <span class='ocrx_word' id='word_1_360' title='bbox 1594 4410 1634 4475; x_wconf 91' lang='lat' dir='ltr'><strong>ad</strong></span> <span class='ocrx_word' id='word_1_361' title='bbox 1659 4411 1769 4476; x_wconf 88' lang='lat' dir='ltr'><strong>Nizolii</strong></span> <span class='ocrx_word' id='word_1_362' title='bbox 1793 4410 1993 4476; x_wconf 86' lang='lat' dir='ltr'><strong>Thesaurum</strong></span> <span class='ocrx_word' id='word_1_363' title='bbox 2021 4409 2136 4475; x_wconf 89' lang='lat' dir='ltr'><strong>referri</strong></span> 
     </span>
     <span class='ocr_line' id='line_1_36' title="bbox 748 4517 2136 4604; baseline -0.002 -22"><span class='ocrx_word' id='word_1_364' title='bbox 748 4517 855 4604; x_wconf 88' lang='lat' dir='ltr'><strong>possit,</strong></span> <span class='ocrx_word' id='word_1_365' title='bbox 881 4519 1043 4604; x_wconf 76' lang='lat' dir='ltr'><strong>marginil</strong></span> <span class='ocrx_word' id='word_1_366' title='bbox 1055 4520 1189 4604; x_wconf 90' lang='lat' dir='ltr'><strong>appositi</strong></span> <span class='ocrx_word' id='word_1_367' title='bbox 1221 4523 1294 4584; x_wconf 89' lang='lat' dir='ltr'><strong>sunt</strong></span> <span class='ocrx_word' id='word_1_368' title='bbox 1324 4520 1458 4591; x_wconf 88' lang='lat' dir='ltr'><strong>numeri,</strong></span> <span class='ocrx_word' id='word_1_369' title='bbox 1483 4517 1595 4602; x_wconf 88' lang='lat' dir='ltr'><strong>quibus</strong></span> <span class='ocrx_word' id='word_1_370' title='bbox 1626 4519 1720 4583; x_wconf 89' lang='lat' dir='ltr'><strong>huius</strong></span> <span class='ocrx_word' id='word_1_371' title='bbox 1750 4517 1897 4582; x_wconf 90' lang='lat' dir='ltr'><strong>editionis</strong></span> <span class='ocrx_word' id='word_1_372' title='bbox 1927 4537 1999 4598; x_wconf 90' lang='lat' dir='ltr'><strong>cum</strong></span> <span class='ocrx_word' id='word_1_373' title='bbox 2030 4523 2136 4582; x_wconf 88' lang='lat' dir='ltr'><strong>vetere</strong></span> 
     </span>
     <span class='ocr_line' id='line_1_37' title="bbox 748 4623 2136 4712; baseline -0.001 -22"><span class='ocrx_word' id='word_1_374' title='bbox 748 4624 867 4691; x_wconf 84' lang='lat' dir='ltr'><strong>Aldina</strong></span> <span class='ocrx_word' id='word_1_375' title='bbox 879 4629 891 4707; x_wconf 95' lang='grc' dir='ltr'><em>Ι</em></span> <span class='ocrx_word' id='word_1_376' title='bbox 905 4643 1078 4690; x_wconf 88' lang='lat' dir='ltr'><strong>consensus</strong></span> <span class='ocrx_word' id='word_1_377' title='bbox 1101 4625 1163 4691; x_wconf 89' lang='lat' dir='ltr'><strong>hac</strong></span> <span class='ocrx_word' id='word_1_378' title='bbox 1185 4627 1218 4690; x_wconf 94' lang='lat' dir='ltr'><strong>in</strong></span> <span class='ocrx_word' id='word_1_379' title='bbox 1241 4629 1334 4711; x_wconf 87' lang='lat' dir='ltr'><strong>parte</strong></span> <span class='ocrx_word' id='word_1_380' title='bbox 1361 4627 1584 4712; x_wconf 87' lang='lat' dir='ltr'><strong>comperietur.</strong></span> <span class='ocrx_word' id='word_1_381' title='bbox 1599 4623 1700 4706; x_wconf 75' lang='lat' dir='ltr'><strong>ltine.</strong></span> <span class='ocrx_word' id='word_1_382' title='bbox 1729 4625 1766 4689; x_wconf 80' lang='lat' dir='ltr'><strong>in</strong></span> <span class='ocrx_word' id='word_1_383' title='bbox 1797 4625 1894 4710; x_wconf 71' lang='lat' dir='ltr'><strong>tepeo</strong></span> <span class='ocrx_word' id='word_1_384' title='bbox 1925 4643 2045 4708; x_wconf 79' lang='lat' dir='ltr'><strong>roppr.</strong></span> <span class='ocrx_word' id='word_1_385' title='bbox 2069 4641 2136 4688; x_wconf 77' lang='lat' dir='ltr'><strong>unc</strong></span> 
     </span>
     <span class='ocr_line' id='line_1_38' title="bbox 748 4730 2135 4817; baseline 0 -21"><span class='ocrx_word' id='word_1_386' title='bbox 748 4732 862 4817; x_wconf 71' lang='lat' dir='ltr'><strong>fipcro</strong></span> <span class='ocrx_word' id='word_1_387' title='bbox 881 4733 979 4798; x_wconf 80' lang='lat' dir='ltr'><strong>virile</strong></span> <span class='ocrx_word' id='word_1_388' title='bbox 994 4733 1053 4799; x_wconf 78' lang='lat' dir='ltr'><strong>elie</strong></span> <span class='ocrx_word' id='word_1_389' title='bbox 1069 4751 1218 4799; x_wconf 70' lang='lat' dir='ltr'><strong>accenso</strong></span> <span class='ocrx_word' id='word_1_390' title='bbox 1234 4733 1280 4798; x_wconf 86' lang='lat' dir='ltr'><strong>ad</strong></span> <span class='ocrx_word' id='word_1_391' title='bbox 1295 4751 1343 4798; x_wconf 81' lang='lat' dir='ltr'><strong>uo</strong></span> <span class='ocrx_word' id='word_1_392' title='bbox 1359 4731 1487 4814; x_wconf 64' lang='lat' dir='ltr'><strong>alteim</strong></span> <span class='ocrx_word' id='word_1_393' title='bbox 1503 4730 1584 4798; x_wconf 88' lang='lat' dir='ltr'><strong>dall’</strong></span> <span class='ocrx_word' id='word_1_394' title='bbox 1594 4734 1683 4798; x_wconf 71' lang='lat' dir='ltr'><strong>attia</strong></span> <span class='ocrx_word' id='word_1_395' title='bbox 1694 4737 1797 4816; x_wconf 81' lang='lat' dir='ltr'><strong>parte</strong></span> <span class='ocrx_word' id='word_1_396' title='bbox 1810 4733 1840 4798; x_wconf 88' lang='lat' dir='ltr'><strong>st</strong></span> <span class='ocrx_word' id='word_1_397' title='bbox 1855 4733 1936 4798; x_wconf 87' lang='lat' dir='ltr'><strong>vede</strong></span> <span class='ocrx_word' id='word_1_398' title='bbox 1950 4751 2023 4798; x_wconf 79' lang='lat' dir='ltr'><strong>cac</strong></span> <span class='ocrx_word' id='word_1_399' title='bbox 2040 4749 2135 4796; x_wconf 83' lang='lat' dir='ltr'><strong>moue</strong></span> 
     </span>
     <span class='ocr_line' id='line_1_39' title="bbox 750 4835 2136 4923; baseline 0 -19"><span class='ocrx_word' id='word_1_400' title='bbox 750 4837 809 4904; x_wconf 81' lang='lat' dir='ltr'><strong>che</strong></span> <span class='ocrx_word' id='word_1_401' title='bbox 833 4837 919 4904; x_wconf 75' lang='lat' dir='ltr'><strong>tieose</strong></span> <span class='ocrx_word' id='word_1_402' title='bbox 940 4858 1012 4903; x_wconf 79' lang='lat' dir='ltr'><strong>uua</strong></span> <span class='ocrx_word' id='word_1_403' title='bbox 1033 4857 1146 4920; x_wconf 66' lang='lat' dir='ltr'><strong>scura·</strong></span> <span class='ocrx_word' id='word_1_404' title='bbox 1161 4837 1297 4906; x_wconf 76' lang='lat' dir='ltr'><strong>intorno</strong></span> <span class='ocrx_word' id='word_1_405' title='bbox 1313 4837 1485 4905; x_wconf 82' lang='lat' dir='ltr'><strong>alt’otbero</strong></span> <span class='ocrx_word' id='word_1_406' title='bbox 1502 4835 1730 4904; x_wconf 61' lang='lat' dir='ltr'><strong>&amp;interciata</strong></span> <span class='ocrx_word' id='word_1_407' title='bbox 1745 4859 1818 4904; x_wconf 82' lang='lat' dir='ltr'><strong>une</strong></span> <span class='ocrx_word' id='word_1_408' title='bbox 1834 4839 1923 4904; x_wconf 75' lang='lat' dir='ltr'><strong>teriia</strong></span> <span class='ocrx_word' id='word_1_409' title='bbox 1937 4839 2026 4905; x_wconf 72' lang='lat' dir='ltr'><strong>sato</strong></span> <span class='ocrx_word' id='word_1_410' title='bbox 2041 4837 2136 4923; x_wconf 76' lang='lat' dir='ltr'><strong>quale</strong></span> 
     </span>
     <span class='ocr_line' id='line_1_40' title="bbox 749 4942 2135 5042; baseline -0.004 -32"><span class='ocrx_word' id='word_1_411' title='bbox 749 4942 919 5013; x_wconf 75' lang='lat' dir='ltr'><strong>eseritto:</strong></span> <span class='ocrx_word' id='word_1_412' title='bbox 942 4965 1025 5012; x_wconf 81' lang='lat' dir='ltr'><strong>vinu</strong></span> <span class='ocrx_word' id='word_1_413' title='bbox 1049 4964 1303 5042; x_wconf 74' lang='lat' dir='ltr'><strong>snurcurrarnu</strong></span> <span class='ocrx_word' id='word_1_414' title='bbox 1326 4963 1367 5011; x_wconf 83' lang='lat' dir='ltr'><strong>ac</strong></span> <span class='ocrx_word' id='word_1_415' title='bbox 1390 4964 1626 5012; x_wconf 77' lang='lat' dir='ltr'><strong>snvnarrnruu</strong></span> <span class='ocrx_word' id='word_1_416' title='bbox 1650 4943 2135 5032; x_wconf 81' lang='lat' dir='ltr'><strong>on1)GenevaelExcudebat</strong></span> 
     </span>
     <span class='ocr_line' id='line_1_41' title="bbox 749 5051 1592 5133; baseline -0.002 -17"><span class='ocrx_word' id='word_1_417' title='bbox 749 5052 904 5117; x_wconf 89' lang='lat' dir='ltr'><strong>Ieremias</strong></span> <span class='ocrx_word' id='word_1_418' title='bbox 926 5052 982 5116; x_wconf 92' lang='lat' dir='ltr'><strong>des</strong></span> <span class='ocrx_word' id='word_1_419' title='bbox 1006 5051 1592 5133; x_wconf 78' lang='lat' dir='ltr'><strong>Planches.lclo.lo.xxorv.»</strong></span> 
     </span>
    </p>
   </div>
   <div class='ocr_carea' id='block_1_6' title="bbox 0 0 2361 6196">
    <p class='ocr_par' dir='ltr' id='par_1_11' title="bbox 0 0 2361 6196">
     <span class='ocr_line' id='line_1_42' title="bbox 0 0 2361 6196; baseline 0 0"><span class='ocrx_word' id='word_1_420' title='bbox 0 0 2361 6196; x_wconf 95' lang='lat' dir='ltr'><strong> </strong></span> 
     </span>
    </p>
   </div>
  </div>
 </body>
</html>
