4702 6200
1261 506 1437 572 ..76-

575 652 697 724 1941o.
722 649 990 738 Oldeudorpius
1014 653 1183 718 Iohannes.
1207 687 1251 702 -
1275 653 1395 720 «Iuris
1419 653 1504 722 Givr=
1515 655 1528 734 Ι
1540 653 1580 718 lis
1603 657 1636 718 et
1659 652 1795 719 Canoni-
1808 657 1821 734 Ι
1834 654 1863 718 ei
1890 653 2027 730 collatio
2052 673 2120 718 ma-

727 763 773 827 xi·
784 766 797 843 Ι
809 781 892 827 mam
915 758 1054 827 afferens
1076 759 1151 826 boni
1175 757 1209 828 ἃ
1231 762 1314 846 aequi
1338 781 1392 827 eo:
1404 763 1417 842 Ι
1429 761 1613 847 gnitionem.
1628 763 1640 841 Ι
1654 760 1835 846 Explicatio
1851 759 1886 825 L.
1904 757 2069 826 diffamari.
2092 781 2119 826 c.

728 869 774 934 De
790 871 897 956 ingen.
914 887 1051 934 manum.
1064 871 1078 949 Ι
1090 869 1137 933 De
1153 866 1380 934 executoribus
1395 869 1471 958 item
1487 867 1624 947 ultimant
1644 867 1851 934 uoluntatem.
1866 873 1878 950 Ι
1893 869 1958 934 Per
1977 869 2013 934 D.
2031 871 2118 934 Ioan.

729 974 992 1061 Oldendorpium.
1006 978 1018 1056 Ι
1031 973 1172 1040 eiusdem
1185 978 1198 1057 Ι
1210 975 1386 1060 Disputatio
1398 977 1411 1056 Ι
1424 975 1586 1048 Forensis,
1604 975 1650 1040 De
1670 975 1745 1040 lvre
1757 979 1770 1055 Ι
1783 979 1816 1041 et
1830 975 2005 1059 AEquitate.
2019 978 2031 1056 Ι
2044 974 2120 1058 (ine.

727 1084 765 1148 in
788 1085 885 1170 tepeo
908 1082 1017 1150 omae
1039 1103 1062 1149 a
1084 1085 1197 1168 quella
1226 1084 1280 1150 det
1310 1081 1353 1148 N.
1378 1083 1589 1167 precedente,
1613 1083 1700 1149 eollo
1729 1082 1915 1150 mederima
1936 1078 2121 1170 {teppendm

729 1190 918 1276 ngdvui
941 1190 1024 1276 apvd
1040 1189 1426 1278 Seb.lGryphium,l
1441 1190 1535 1256 1541.
1556 1191 1635 1255 »In
1657 1191 1732 1275 fine,
1756 1191 1821 1258 ine.
1845 1195 2123 1274 rappreoentante

728 1317 778 1362 aa
799 1296 900 1384 prifo.

781 1419 810 1475 in
829 1421 854 1474 8.

784 1527 1220 1584 1940a-1941hu1sonnnauna
1240 1555 1274 1570 ·-
1294 1527 1360 1596 Lag.
1379 1527 1407 1582 in
1427 1527 1500 1598 pelle
1518 1527 1545 1580 di
1564 1525 1669 1582 vitello.
1683 1556 1716 1569 -
1730 1525 1834 1582 Piecoli
1852 1527 1925 1596 fregi
1943 1527 1971 1582 di
1990 1531 2123 1582 conterno

728 1637 774 1692 uel
793 1636 846 1691 Dr.
866 1654 882 1692 a
901 1635 946 1692 nel
965 1636 1001 1691 B.

781 1725 971 1799 Nell'interno
989 1741 1063 1798 della
1081 1741 1223 1812 legatura:
1242 1741 1305 1796 «P.
1324 1740 1365 1794 82
1384 1741 1416 1793 F.
1435 1740 1472 1795 N.
1492 1739 1558 1796 18»
1576 1740 1674 1794 scritto
1692 1739 1764 1796 eolla
1783 1741 1883 1795 metita
1901 1757 1976 1796 uera.

581 1937 710 2009 laeua.
735 1938 897 2010 Suohteu
909 1938 953 2025 (a)
965 1938 1161 2006 Alexander.
1174 1935 1370 2009 ·Phaedro
1382 1939 1550 2025 Georgius.
1563 1935 1808 2007 ·Pa1ueelsus
1819 1939 2123 2024 Theophrastus.-

731 2049 813 2114 ‹De
836 2048 969 2114 secretis
985 2049 998 2128 Ι
1014 2047 1178 2112 antimonii
1192 2045 1300 2128 siiber
1322 2065 1404 2112 unus
1416 2049 1430 2127 Ι
1442 2043 1622 2111 Alexandri
1645 2064 1665 2108 a
1688 2045 1785 2111 Such·
1801 2048 1814 2126 Ι
1831 2049 1886 2110 ten
1909 2064 1996 2110 verm
2020 2044 2123 2130 philo·

730 2153 850 2238 sophim
874 2173 912 2218 ae
943 2171 1010 2218 me·
1025 2155 1038 2234 Ι
1054 2152 1168 2218 dioinae
1191 2153 1344 2218 Ductoris.
1362 2154 1376 2233 Ι
1393 2151 1507 2217 Editus
1531 2151 1723 2218 Germanice
1754 2150 1879 2236 quidem
1909 2170 1994 2216 anno
2020 2152 2121 2218 1570:

664 2283 669 2288 ·
730 2280 816 2328 nune
839 2280 893 2326 au·
906 2265 918 2344 Ι
932 2265 998 2328 tem
1021 2261 1054 2324 in
1078 2260 1226 2325 Latinum
1248 2259 1423 2327 translatus
1446 2278 1626 2324 sermonem
1638 2264 1652 2340 Ι
1665 2277 1724 2344 per
1736 2261 1749 2340 Ι
1763 2259 1805 2324 M.
1827 2259 2000 2346 Georgium
2024 2259 2124 2339 For-l

730 2368 876 2454 bergium
899 2367 1048 2454 Mysium.
1065 2371 1079 2450 Ι
1095 2367 1152 2434 Oui
1183 2365 1310 2432 additus
1340 2375 1390 2434 est
1412 2367 1508 2434 Geor.
1535 2365 1724 2432 Phaedronis
1739 2371 1752 2448 Ι
1769 2364 1886 2432 Medici
1909 2365 2025 2450 Aquila
2056 2385 2125 2432 coe

730 2476 829 2547 lestis,
846 2479 859 2555 Ι
876 2475 943 2540 siue
973 2478 1123 2540 correcta
1151 2474 1359 2560 Hydrargyri
1385 2491 1466 2560 prae·
1477 2476 1490 2554 Ι
1503 2473 1652 2560 oipitatio.
1665 2477 1679 2554 Ι
1691 2473 1806 2539 Basil
1816 2493 1870 2539 eae
1882 2476 1895 2554 Ι
1907 2493 1967 2559 per
1991 2475 2124 2540 Petrum

733 2583 921 2646 Pernam.
934 2585 948 2665 Ι
962 2581 1058 2647 Anno
1076 2581 1171 2646 1575.
1190 2601 1208 2644 ›
1230 2581 1395 2667 Sequano,
1409 2599 1432 2646 a
1442 2599 1524 2666 pap.
1541 2581 1595 2652 51,
1611 2599 1714 2647 senza
1729 2580 1873 2666 speeiole
1886 2580 2124 2665 fronterpizio:

734 2687 866 2754 «Geor.
895 2686 1057 2753 Phaedro
1069 2691 1083 2770 Ι
1094 2687 1145 2753 nis
1173 2685 1356 2754 Rodoehaei
1368 2692 1382 2770 Ι
1394 2687 1509 2754 medici
1536 2688 1653 2773 Aquila
1678 2687 1835 2754 eoelestis.
1853 2691 1866 2768 Ι
1881 2690 1950 2755 siue
1977 2692 2125 2754 eorreota

731 2795 931 2883 hydrargyri
948 2813 1039 2884 prae
1050 2798 1063 2876 Ι
1075 2795 1216 2879 oipitatio
1235 2814 1264 2868 ›,
1277 2811 1360 2880 pap.
1378 2793 1435 2860 69:
1450 2813 1468 2857 ‹
1486 2795 1582 2860 Geor.
1600 2793 1725 2877 Phae-l
1739 2793 1847 2860 dronis
1859 2792 1944 2880 (eto.)
1956 2794 2125 2880 Epilepsiae

731 2905 913 2977 curatio»,
934 2921 1016 2990 pap.
1042 2903 1099 2968 80:
1126 2902 1293 2988 «Georgii
1316 2901 1412 2967 Phae·
1424 2905 1438 2982 Ι
1450 2900 1560 2967 dronis
1583 2901 1680 2987 pestis
1703 2901 1878 2987 Epidemiae
1901 2920 1974 2967 oer-
1990 2905 2002 2984 Ι
2019 2907 2052 2969 ta
2073 2923 2125 2968 cu·

734 3011 817 3076 ratio
834 3031 864 3084 r,
883 3029 966 3095 pop.
990 3009 1048 3076 83:
1074 3009 1323 3095 «Theophrasti
1336 3013 1349 3091 Ι
1362 3009 1528 3075 Paraoelsi
1558 3007 1643 3076 liber
1655 3013 1668 3090 Ι
1681 3010 1727 3076 De
1760 3010 1937 3076 Narootiois
1967 3009 2125 3096 aegritudi-

731 3113 833 3188 nibus,
858 3118 894 3180 ut
905 3117 918 3196 Ι
931 3118 1005 3180 sunt
1030 3115 1145 3188 Pestis,
1170 3115 1334 3181 Pleuresis
1346 3110 1407 3195 l&
1429 3114 1594 3181 Prunella.
1614 3136 1632 3179 a

787 3239 817 3292 in
835 3238 860 3292 8.

582 3432 708 3504 1943o.
733 3432 951 3504 Paraeelsns
976 3435 1225 3522 Theophrastus.
1251 3471 1294 3485 -
1318 3454 1337 3496 e
1354 3435 1487 3500 Aureoli
1504 3439 1516 3516 Ι
1534 3434 1747 3520 Theophrasti
1762 3437 1775 3516 Ι
1793 3434 1967 3508 Paraeelsi,
1985 3438 1997 3516 Ι
2014 3435 2125 3501 summi

732 3542 921 3628 philosophi,
936 3544 1002 3623 lae
1024 3541 1147 3614 medioi,
1161 3546 1174 3623 Ι
1189 3543 1235 3607 De
1257 3545 1373 3608 natura
1397 3561 1507 3607 rerum
1523 3541 1597 3606 libri
1613 3547 1743 3627 septem.
1758 3545 1770 3622 Ι
1784 3543 1830 3608 De
1853 3546 1969 3608 natura
1991 3541 2126 3607 hominis

733 3647 807 3713 libri
830 3647 902 3722 duo,
915 3651 929 3729 Ι
942 3647 1106 3734 Opusoula
1128 3647 1207 3714 vere
1231 3669 1339 3714 aurea.
1353 3651 1365 3730 Ι
1378 3645 1431 3714 Ex
1449 3649 1643 3713 Germanica
1656 3647 1766 3733 lingua
1781 3649 1815 3712 in
1831 3647 1977 3716 Latinam
1999 3652 2127 3728 trans-s

732 3754 799 3820 lata
821 3775 880 3840 per
895 3757 908 3836 Ι
925 3755 967 3819 Μ.
994 3755 1167 3841 Georgium
1199 3755 1410 3840 Forbergium
1441 3754 1567 3840 Mysum
1598 3754 1734 3841 philoso
1749 3758 1761 3835 Ι
1778 3755 1862 3840 phire
1889 3773 1928 3820 au
1959 3754 2124 3820 medioiuae

734 3861 917 3928 studiosum.
931 3862 973 3942 ΙΙ
996 3860 1182 3928 Thessalon.
1199 3862 1231 3928 5.
1245 3865 1258 3944 Ι
1270 3861 1387 3928 Omnia
1408 3860 1542 3947 probate
1565 3861 1648 3945 quod
1671 3861 1787 3928 bonum
1802 3865 1815 3943 Ι
1829 3867 1878 3928 est
1897 3867 2014 3928 tenete.
2028 3865 2041 3942 Ι
2056 3862 2128 3924 Ba-

734 3969 948 4054 sileaesper
971 3968 1104 4036 Petrum
1129 3970 1647 4052 Pernam.lu.o.uxx111.»

788 4092 861 4146 1118.

766 4265 768 4270 Ι
791 4197 1225 4254 1942a-l943hu1souunnuua.
1246 4227 1280 4240 -
1300 4198 1366 4269 Lag.
1386 4199 1414 4252 in
1433 4189 1600 4269 pergamena
1618 4197 1757 4268 sempiioe.

788 4304 976 4362 Nell'interno
1000 4305 1074 4361 della
1098 4306 1240 4376 legatores,
1259 4321 1467 4376 monogramma
1492 4311 1632 4376 composto
1657 4305 1728 4361 rolle
1753 4306 1853 4361 lettere
1874 4305 1947 4360 SW
1960 4305 2055 4360 scritta
2077 4321 2129 4358 con

737 4414 837 4469 metita
855 4429 929 4468 nera.

587 4606 692 4680 1944,
715 4609 928 4680 Autumnus
952 4611 1146 4678 Bernartius.
1164 4647 1207 4662 -
1229 4639 1245 4670 e<
1264 4613 1407 4679 Censura
1418 4615 1431 4692 Ι
1444 4612 1569 4697 gallica.
1584 4617 1596 4692 Ι
1609 4613 1642 4676 in
1653 4616 1667 4693 Ι
1680 4613 1733 4678 ius
1757 4611 1852 4678 ciuile
1876 4612 2130 4690 Romanorum!

738 4719 881 4784 Auctore
913 4717 1081 4784 Bernardo
1103 4718 1266 4785 Autumno
1281 4723 1294 4800 Ι
1311 4717 1558 4792 Iurisconsuito,
1585 4715 1618 4788 a
1641 4720 1673 4783 in
1700 4717 1821 4785 Senatu
1844 4717 2031 4804 Burdoga-s
2048 4717 2129 4781 lensi

664 4819 668 4828 '
737 4829 881 4909 patrono.
896 4830 909 4908 Ι
922 4825 998 4910 (iae.
1022 4825 1060 4891 in
1082 4825 1181 4911 leuno
1212 4843 1333 4910 ruppe.
1357 4825 1382 4892 it
1411 4823 1536 4909 Tempe
1568 4825 1653 4892 eollo
1682 4825 1772 4908 fatre
1801 4825 2006 4907 reversim,-
2029 4841 2132 4910 reppe

737 4932 824 5002 roua
841 4931 942 5000 borea
956 4951 1028 5000 uno
1044 4933 1135 5000 tenio
1147 4951 1188 4999 aa
1203 4933 1259 4999 eui
1273 4929 1292 4998 ἑ
1305 4933 1435 5001 sortito:
1456 4951 1545 5000 nano
1567 4927 1671 4998 uersu
1694 4948 1774 4998 soni
1798 4949 1972 4998 asrvuorr
1991 4929 2130 5016 vrurrs)

740 5039 939 5114 Parisiis,
954 5043 966 5120 Ι
980 5038 1161 5126 Sumptibus
1178 5038 1311 5105 Roberti
1329 5040 1470 5114 Foiiet,
1495 5041 1547 5104 via
1565 5039 1717 5112 Iacobaea,
1735 5037 1793 5103 sub
1806 5038 1949 5125 [insigni
1965 5037 2131 5123 Temporis
