<?xml version="1.0" encoding="UTF-8"?>
<!DOCTYPE html PUBLIC "-//W3C//DTD XHTML 1.0 Transitional//EN"
    "http://www.w3.org/TR/xhtml1/DTD/xhtml1-transitional.dtd">
<html xmlns="http://www.w3.org/1999/xhtml" xml:lang="en" lang="en">
 <head>
  <title>
</title>
<meta http-equiv="Content-Type" content="text/html;charset=utf-8" />
  <meta name='ocr-system' content='tesseract 3.04.00' />
  <meta name='ocr-capabilities' content='ocr_page ocr_carea ocr_par ocr_line ocrx_word'/>
</head>
<body>
  <div class='ocr_page' id='page_1' title='image "./inventariodeili02kirsgoog_0256.png"; bbox 0 0 4674 6194; ppageno 0'>
   <div class='ocr_carea' id='block_1_1' title="bbox 1257 533 1457 602">
    <p class='ocr_par' dir='ltr' id='par_1_1' title="bbox 1257 533 1457 602">
     <span class='ocr_line' id='line_1_1' title="bbox 1257 533 1457 602; baseline -0.015 0"><span class='ocrx_word' id='word_1_1' title='bbox 1257 533 1457 602; x_wconf 80' lang='lat'>-246-</span> 
     </span>
    </p>
   </div>
   <div class='ocr_carea' id='block_1_2' title="bbox 583 679 2128 1303">
    <p class='ocr_par' dir='ltr' id='par_1_2' title="bbox 583 679 2128 1303">
     <span class='ocr_line' id='line_1_2' title="bbox 583 679 2128 769; baseline -0.003 -19"><span class='ocrx_word' id='word_1_2' title='bbox 583 679 717 752; x_wconf 76' lang='lat' dir='ltr'><strong>eoooa.</strong></span> <span class='ocrx_word' id='word_1_3' title='bbox 741 679 916 768; x_wconf 81' lang='lat' dir='ltr'><strong>Iesparue</strong></span> <span class='ocrx_word' id='word_1_4' title='bbox 940 679 1135 769; x_wconf 85' lang='lat' dir='ltr'><strong>(Jespersen)</strong></span> <span class='ocrx_word' id='word_1_5' title='bbox 1161 681 1304 748; x_wconf 87' lang='lat' dir='ltr'><strong>Iacobus.</strong></span> <span class='ocrx_word' id='word_1_6' title='bbox 1321 716 1364 731; x_wconf 95' lang='lat'>-</span> <span class='ocrx_word' id='word_1_7' title='bbox 1383 700 1401 745; x_wconf 77' lang='lat' dir='ltr'><strong>c</strong></span> <span class='ocrx_word' id='word_1_8' title='bbox 1417 679 1587 747; x_wconf 84' lang='lat' dir='ltr'><strong>Anactobi-</strong></span> <span class='ocrx_word' id='word_1_9' title='bbox 1599 685 1613 764; x_wconf 96' lang='grc' dir='ltr'><em>Ι</em></span> <span class='ocrx_word' id='word_1_10' title='bbox 1625 679 1722 754; x_wconf 82' lang='lat' dir='ltr'><strong>blion</strong></span> <span class='ocrx_word' id='word_1_11' title='bbox 1747 686 1780 746; x_wconf 89' lang='lat' dir='ltr'><strong>et</strong></span> <span class='ocrx_word' id='word_1_12' title='bbox 1803 681 1865 746; x_wconf 76' lang='lat' dir='ltr'><strong>He</strong></span> <span class='ocrx_word' id='word_1_13' title='bbox 1877 685 1890 763; x_wconf 99' lang='grc' dir='ltr'><em>Ι</em></span> <span class='ocrx_word' id='word_1_14' title='bbox 1903 699 2002 766; x_wconf 89' lang='lat' dir='ltr'><strong>roepe</strong></span> <span class='ocrx_word' id='word_1_15' title='bbox 2025 681 2128 748; x_wconf 85' lang='lat' dir='ltr'><strong>iacobi</strong></span> 
     </span>
     <span class='ocr_line' id='line_1_3' title="bbox 734 787 2126 876; baseline -0.001 -21"><span class='ocrx_word' id='word_1_16' title='bbox 734 791 861 876; x_wconf 84' lang='lat' dir='ltr'><strong>Insperi</strong></span> <span class='ocrx_word' id='word_1_17' title='bbox 883 790 944 854; x_wconf 89' lang='lat' dir='ltr'><strong>De:</strong></span> <span class='ocrx_word' id='word_1_18' title='bbox 959 793 973 872; x_wconf 96' lang='grc' dir='ltr'><em>Ι</em></span> <span class='ocrx_word' id='word_1_19' title='bbox 987 791 1020 855; x_wconf 92' lang='lat' dir='ltr'><strong>ni</strong></span> <span class='ocrx_word' id='word_1_20' title='bbox 1043 787 1271 855; x_wconf 84' lang='lat' dir='ltr'><strong>Arrhusiensis</strong></span> <span class='ocrx_word' id='word_1_21' title='bbox 1295 789 1361 853; x_wconf 91' lang='lat' dir='ltr'><strong>Pro</strong></span> <span class='ocrx_word' id='word_1_22' title='bbox 1374 792 1386 871; x_wconf 96' lang='grc' dir='ltr'><em>Ι</em></span> <span class='ocrx_word' id='word_1_23' title='bbox 1399 789 1531 854; x_wconf 82' lang='lat' dir='ltr'><strong>sessoris</strong></span> <span class='ocrx_word' id='word_1_24' title='bbox 1547 789 1635 856; x_wconf 79' lang='lat' dir='ltr'><strong>ore-</strong></span> <span class='ocrx_word' id='word_1_25' title='bbox 1646 791 1660 870; x_wconf 96' lang='grc' dir='ltr'><em>Ι</em></span> <span class='ocrx_word' id='word_1_26' title='bbox 1673 787 1811 854; x_wconf 85' lang='lat' dir='ltr'><strong>coletini.</strong></span> <span class='ocrx_word' id='word_1_27' title='bbox 1825 789 2126 874; x_wconf 82' lang='lat' dir='ltr'><strong>lAntverpiae.</strong></span> 
     </span>
     <span class='ocr_line' id='line_1_4' title="bbox 733 891 2128 981; baseline -0.002 -19"><span class='ocrx_word' id='word_1_28' title='bbox 733 917 776 963; x_wconf 84' lang='lat' dir='ltr'><strong>ex</strong></span> <span class='ocrx_word' id='word_1_29' title='bbox 799 893 928 962; x_wconf 84' lang='lat' dir='ltr'><strong>officina</strong></span> <span class='ocrx_word' id='word_1_30' title='bbox 954 897 1082 962; x_wconf 83' lang='lat' dir='ltr'><strong>Ioannis</strong></span> <span class='ocrx_word' id='word_1_31' title='bbox 1105 895 1205 961; x_wconf 74' lang='lat' dir='ltr'><strong>Looi</strong></span> <span class='ocrx_word' id='word_1_32' title='bbox 1219 897 1232 976; x_wconf 97' lang='grc' dir='ltr'><em>Ι</em></span> <span class='ocrx_word' id='word_1_33' title='bbox 1244 895 1340 961; x_wconf 84' lang='lat' dir='ltr'><strong>Anno</strong></span> <span class='ocrx_word' id='word_1_34' title='bbox 1354 945 1361 958; x_wconf 93' lang='lat'>.</span> <span class='ocrx_word' id='word_1_35' title='bbox 1375 913 1466 961; x_wconf 73' lang='lat' dir='ltr'><strong>mn.</strong></span> <span class='ocrx_word' id='word_1_36' title='bbox 1476 897 1616 976; x_wconf 79' lang='lat' dir='ltr'><strong>lxe1111.</strong></span> <span class='ocrx_word' id='word_1_37' title='bbox 1631 915 1648 959; x_wconf 81' lang='lat'><strong>&gt;</strong></span> <span class='ocrx_word' id='word_1_38' title='bbox 1666 895 1710 959; x_wconf 79' lang='lat' dir='ltr'><strong>In</strong></span> <span class='ocrx_word' id='word_1_39' title='bbox 1724 895 1792 981; x_wconf 76' lang='lat' dir='ltr'><strong>fine</strong></span> <span class='ocrx_word' id='word_1_40' title='bbox 1806 891 1825 960; x_wconf 74' lang='grc' dir='ltr'><em>ἑ</em></span> <span class='ocrx_word' id='word_1_41' title='bbox 1838 894 1988 977; x_wconf 78' lang='lat' dir='ltr'><strong>ripetnto</strong></span> <span class='ocrx_word' id='word_1_42' title='bbox 2003 896 2037 961; x_wconf 86' lang='lat' dir='ltr'><strong>le</strong></span> <span class='ocrx_word' id='word_1_43' title='bbox 2050 899 2128 962; x_wconf 81' lang='lat' dir='ltr'><strong>nota</strong></span> 
     </span>
     <span class='ocr_line' id='line_1_5' title="bbox 732 997 1878 1091; baseline -0.003 -23"><span class='ocrx_word' id='word_1_44' title='bbox 732 1003 934 1091; x_wconf 76' lang='lat' dir='ltr'><strong>tipoprofioo</strong></span> <span class='ocrx_word' id='word_1_45' title='bbox 958 1021 976 1069; x_wconf 89' lang='lat' dir='ltr'><strong>e</strong></span> <span class='ocrx_word' id='word_1_46' title='bbox 998 1003 1053 1069; x_wconf 81' lang='lat' dir='ltr'><strong>nel</strong></span> <span class='ocrx_word' id='word_1_47' title='bbox 1076 1021 1143 1088; x_wconf 82' lang='lat' dir='ltr'><strong>sep.</strong></span> <span class='ocrx_word' id='word_1_48' title='bbox 1166 1000 1192 1085; x_wconf 85' lang='grc' dir='ltr'><strong>Ι.</strong></span> <span class='ocrx_word' id='word_1_49' title='bbox 1217 997 1236 1066; x_wconf 78' lang='grc' dir='ltr'><em>ἑ</em></span> <span class='ocrx_word' id='word_1_50' title='bbox 1257 1000 1366 1068; x_wconf 79' lang='lat' dir='ltr'><strong>inciso</strong></span> <span class='ocrx_word' id='word_1_51' title='bbox 1388 1002 1426 1067; x_wconf 83' lang='lat' dir='ltr'><strong>in</strong></span> <span class='ocrx_word' id='word_1_52' title='bbox 1448 1002 1545 1088; x_wconf 78' lang='lat' dir='ltr'><strong>tepeo</strong></span> <span class='ocrx_word' id='word_1_53' title='bbox 1569 998 1716 1086; x_wconf 78' lang='lat' dir='ltr'><strong>t&#39;apeilo</strong></span> <span class='ocrx_word' id='word_1_54' title='bbox 1739 1001 1878 1084; x_wconf 82' lang='lat' dir='ltr'><strong>bicipite.</strong></span> 
     </span>
     <span class='ocr_line' id='line_1_6' title="bbox 787 1120 2128 1194; baseline -0.002 -16"><span class='ocrx_word' id='word_1_55' title='bbox 787 1123 818 1178; x_wconf 88' lang='lat' dir='ltr'><strong>In</strong></span> <span class='ocrx_word' id='word_1_56' title='bbox 836 1125 862 1190; x_wconf 90' lang='grc'><strong>8,</strong></span> <span class='ocrx_word' id='word_1_57' title='bbox 881 1125 908 1178; x_wconf 92' lang='lat' dir='ltr'><strong>di</strong></span> <span class='ocrx_word' id='word_1_58' title='bbox 926 1125 1025 1194; x_wconf 80' lang='grc'><strong>1.(28);</strong></span> <span class='ocrx_word' id='word_1_59' title='bbox 1045 1127 1182 1179; x_wconf 74' lang='lat' dir='ltr'><strong>carattere</strong></span> <span class='ocrx_word' id='word_1_60' title='bbox 1201 1121 1316 1178; x_wconf 87' lang='lat' dir='ltr'><strong>corsivo.</strong></span> <span class='ocrx_word' id='word_1_61' title='bbox 1331 1121 1518 1193; x_wconf 76' lang='lat' dir='ltr'><strong>Frontespizio</strong></span> <span class='ocrx_word' id='word_1_62' title='bbox 1534 1121 1716 1177; x_wconf 88' lang='lat' dir='ltr'><strong>incornicieto</strong></span> <span class='ocrx_word' id='word_1_63' title='bbox 1734 1121 1769 1175; x_wconf 84' lang='lat' dir='ltr'><strong>de</strong></span> <span class='ocrx_word' id='word_1_64' title='bbox 1787 1121 1858 1190; x_wconf 78' lang='lat' dir='ltr'><strong>fregi</strong></span> <span class='ocrx_word' id='word_1_65' title='bbox 1878 1137 1893 1176; x_wconf 87' lang='lat' dir='ltr'><strong>e</strong></span> <span class='ocrx_word' id='word_1_66' title='bbox 1912 1121 2031 1190; x_wconf 79' lang='lat' dir='ltr'><strong>figmine</strong></span> <span class='ocrx_word' id='word_1_67' title='bbox 2046 1120 2128 1175; x_wconf 83' lang='lat' dir='ltr'><strong>incise</strong></span> 
     </span>
     <span class='ocr_line' id='line_1_7' title="bbox 731 1233 870 1303; baseline -0.007 -15"><span class='ocrx_word' id='word_1_68' title='bbox 731 1233 759 1288; x_wconf 88' lang='lat' dir='ltr'><strong>in</strong></span> <span class='ocrx_word' id='word_1_69' title='bbox 780 1233 870 1303; x_wconf 78' lang='lat' dir='ltr'><strong>legno.</strong></span> 
     </span>
    </p>
   </div>
   <div class='ocr_carea' id='block_1_3' title="bbox 583 1425 2126 1518">
    <p class='ocr_par' dir='ltr' id='par_1_3' title="bbox 583 1425 2126 1518">
     <span class='ocr_line' id='line_1_8' title="bbox 583 1425 2126 1518; baseline -0.004 -20"><span class='ocrx_word' id='word_1_70' title='bbox 583 1429 673 1500; x_wconf 83' lang='grc'><strong>2510</strong></span> <span class='ocrx_word' id='word_1_71' title='bbox 681 1430 710 1498; x_wconf 83' lang='lat' dir='ltr'><strong>b.</strong></span> <span class='ocrx_word' id='word_1_72' title='bbox 734 1428 909 1516; x_wconf 80' lang='lat' dir='ltr'><strong>Iasparue</strong></span> <span class='ocrx_word' id='word_1_73' title='bbox 924 1429 1121 1518; x_wconf 80' lang='lat' dir='ltr'><strong>(Jespersen)</strong></span> <span class='ocrx_word' id='word_1_74' title='bbox 1141 1429 1285 1497; x_wconf 86' lang='lat' dir='ltr'><strong>Iacobus.</strong></span> <span class='ocrx_word' id='word_1_75' title='bbox 1303 1463 1347 1478; x_wconf 90' lang='lat'><strong>·-</strong></span> <span class='ocrx_word' id='word_1_76' title='bbox 1364 1448 1383 1493; x_wconf 86' lang='lat'><strong>‹</strong></span> <span class='ocrx_word' id='word_1_77' title='bbox 1400 1427 1632 1496; x_wconf 87' lang='lat' dir='ltr'><strong>Genethiieoon</strong></span> <span class='ocrx_word' id='word_1_78' title='bbox 1655 1425 1777 1510; x_wconf 73' lang='lat' dir='ltr'><strong>filliee</strong></span> <span class='ocrx_word' id='word_1_79' title='bbox 1800 1429 1923 1494; x_wconf 84' lang='lat' dir='ltr'><strong>Mariae</strong></span> <span class='ocrx_word' id='word_1_80' title='bbox 1945 1428 2126 1514; x_wconf 75' lang='lat' dir='ltr'><strong>primogef</strong></span> 
     </span>
    </p>
   </div>
   <div class='ocr_carea' id='block_1_4' title="bbox 731 1531 2235 1944">
    <p class='ocr_par' dir='ltr' id='par_1_4' title="bbox 731 1531 2235 1944">
     <span class='ocr_line' id='line_1_9' title="bbox 732 1531 2127 1623; baseline -0.001 -21"><span class='ocrx_word' id='word_1_81' title='bbox 732 1540 807 1604; x_wconf 85' lang='lat' dir='ltr'><strong>nitae</strong></span> <span class='ocrx_word' id='word_1_82' title='bbox 824 1539 860 1603; x_wconf 89' lang='lat' dir='ltr'><strong>D.</strong></span> <span class='ocrx_word' id='word_1_83' title='bbox 878 1539 914 1603; x_wconf 89' lang='lat' dir='ltr'><strong>D.</strong></span> <span class='ocrx_word' id='word_1_84' title='bbox 933 1538 1050 1605; x_wconf 86' lang='lat' dir='ltr'><strong>Reneti</strong></span> <span class='ocrx_word' id='word_1_85' title='bbox 1066 1537 1228 1623; x_wconf 87' lang='lat' dir='ltr'><strong>Principis</strong></span> <span class='ocrx_word' id='word_1_86' title='bbox 1246 1536 1413 1622; x_wconf 83' lang='lat' dir='ltr'><strong>Orengiae:</strong></span> <span class='ocrx_word' id='word_1_87' title='bbox 1430 1531 1464 1604; x_wconf 72' lang='lat' dir='ltr'><strong>e</strong></span> <span class='ocrx_word' id='word_1_88' title='bbox 1479 1539 1492 1618; x_wconf 96' lang='grc' dir='ltr'><em>Ι</em></span> <span class='ocrx_word' id='word_1_89' title='bbox 1510 1535 1640 1602; x_wconf 81' lang='lat' dir='ltr'><strong>Comitis</strong></span> <span class='ocrx_word' id='word_1_90' title='bbox 1663 1534 1683 1599; x_wconf 78' lang='lat' dir='ltr'><strong>t</strong></span> <span class='ocrx_word' id='word_1_91' title='bbox 1706 1535 1828 1600; x_wconf 83' lang='lat' dir='ltr'><strong>Nesseo</strong></span> <span class='ocrx_word' id='word_1_92' title='bbox 1851 1553 1894 1600; x_wconf 84' lang='lat' dir='ltr'><strong>ex</strong></span> <span class='ocrx_word' id='word_1_93' title='bbox 1916 1535 2013 1600; x_wconf 84' lang='lat' dir='ltr'><strong>Anna</strong></span> <span class='ocrx_word' id='word_1_94' title='bbox 2035 1535 2127 1600; x_wconf 91' lang='lat' dir='ltr'><strong>Ducis</strong></span> 
     </span>
     <span class='ocr_line' id='line_1_10' title="bbox 731 1640 2126 1731; baseline -0.003 -21"><span class='ocrx_word' id='word_1_95' title='bbox 731 1645 851 1711; x_wconf 86' lang='lat' dir='ltr'><strong>Lotha·</strong></span> <span class='ocrx_word' id='word_1_96' title='bbox 867 1648 881 1727; x_wconf 95' lang='grc' dir='ltr'><em>Ι</em></span> <span class='ocrx_word' id='word_1_97' title='bbox 897 1645 1011 1731; x_wconf 86' lang='lat' dir='ltr'><strong>ringiae</strong></span> <span class='ocrx_word' id='word_1_98' title='bbox 1043 1641 1109 1709; x_wconf 86' lang='lat' dir='ltr'><strong>fllia</strong></span> <span class='ocrx_word' id='word_1_99' title='bbox 1139 1663 1244 1711; x_wconf 87' lang='lat' dir='ltr'><strong>uxore</strong></span> <span class='ocrx_word' id='word_1_100' title='bbox 1268 1643 1465 1709; x_wconf 85' lang='lat' dir='ltr'><strong>charissime.</strong></span> <span class='ocrx_word' id='word_1_101' title='bbox 1491 1643 1558 1708; x_wconf 85' lang='lat' dir='ltr'><strong>Per</strong></span> <span class='ocrx_word' id='word_1_102' title='bbox 1584 1643 1676 1708; x_wconf 85' lang='lat' dir='ltr'><strong>leco·</strong></span> <span class='ocrx_word' id='word_1_103' title='bbox 1691 1645 1705 1722; x_wconf 96' lang='grc' dir='ltr'><em>Ι</em></span> <span class='ocrx_word' id='word_1_104' title='bbox 1720 1640 1794 1706; x_wconf 91' lang='lat' dir='ltr'><strong>bum</strong></span> <span class='ocrx_word' id='word_1_105' title='bbox 1818 1642 1984 1727; x_wconf 88' lang='lat' dir='ltr'><strong>Iasperum</strong></span> <span class='ocrx_word' id='word_1_106' title='bbox 2006 1641 2126 1707; x_wconf 85' lang='lat' dir='ltr'><strong>Danum</strong></span> 
     </span>
     <span class='ocr_line' id='line_1_11' title="bbox 731 1748 2235 1836; baseline -0.005 -20"><span class='ocrx_word' id='word_1_107' title='bbox 731 1751 914 1817; x_wconf 86' lang='lat' dir='ltr'><strong>Arrhnsien</strong></span> <span class='ocrx_word' id='word_1_108' title='bbox 930 1754 943 1832; x_wconf 97' lang='grc' dir='ltr'><em>Ι</em></span> <span class='ocrx_word' id='word_1_109' title='bbox 959 1771 1026 1817; x_wconf 86' lang='lat' dir='ltr'><strong>sem</strong></span> <span class='ocrx_word' id='word_1_110' title='bbox 1057 1749 1217 1836; x_wconf 85' lang='lat' dir='ltr'><strong>publicum</strong></span> <span class='ocrx_word' id='word_1_111' title='bbox 1248 1750 1385 1816; x_wconf 81' lang='lat' dir='ltr'><strong>literani</strong></span> <span class='ocrx_word' id='word_1_112' title='bbox 1408 1751 1484 1816; x_wconf 83' lang='lat' dir='ltr'><strong>Grec</strong></span> <span class='ocrx_word' id='word_1_113' title='bbox 1500 1753 1513 1831; x_wconf 99' lang='grc' dir='ltr'><em>Ι</em></span> <span class='ocrx_word' id='word_1_114' title='bbox 1530 1768 1641 1815; x_wconf 88' lang='lat' dir='ltr'><strong>cerum</strong></span> <span class='ocrx_word' id='word_1_115' title='bbox 1671 1748 1898 1834; x_wconf 83' lang='lat' dir='ltr'><strong>professorem.</strong></span> <span class='ocrx_word' id='word_1_116' title='bbox 1916 1751 1929 1830; x_wconf 97' lang='grc' dir='ltr'><em>Ι</em></span> <span class='ocrx_word' id='word_1_117' title='bbox 1944 1750 2126 1815; x_wconf 84' lang='lat' dir='ltr'><strong>Aetner·</strong></span> <span class='ocrx_word' id='word_1_118' title='bbox 2232 1797 2235 1809; x_wconf 93' lang='lat'><em>.</em></span> 
     </span>
     <span class='ocr_line' id='line_1_12' title="bbox 731 1856 1820 1944; baseline -0.003 -21"><span class='ocrx_word' id='word_1_119' title='bbox 731 1861 843 1944; x_wconf 87' lang='lat' dir='ltr'><strong>piae.</strong></span> <span class='ocrx_word' id='word_1_120' title='bbox 861 1861 875 1941; x_wconf 97' lang='grc' dir='ltr'><em>Ι</em></span> <span class='ocrx_word' id='word_1_121' title='bbox 891 1856 1082 1925; x_wconf 78' lang='lat' dir='ltr'><strong>Excudebat</strong></span> <span class='ocrx_word' id='word_1_122' title='bbox 1104 1859 1243 1924; x_wconf 88' lang='lat' dir='ltr'><strong>ioannes</strong></span> <span class='ocrx_word' id='word_1_123' title='bbox 1267 1857 1416 1922; x_wconf 73' lang='lat' dir='ltr'><strong>Lotus.</strong></span> <span class='ocrx_word' id='word_1_124' title='bbox 1441 1857 1503 1922; x_wconf 85' lang='lat' dir='ltr'><strong>An.</strong></span> <span class='ocrx_word' id='word_1_125' title='bbox 1517 1859 1531 1937; x_wconf 95' lang='grc' dir='ltr'><em>Ι</em></span> <span class='ocrx_word' id='word_1_126' title='bbox 1545 1874 1783 1922; x_wconf 81' lang='lat' dir='ltr'><strong>m.n.xn1111.</strong></span> <span class='ocrx_word' id='word_1_127' title='bbox 1802 1877 1820 1920; x_wconf 84' lang='lat'><strong>»</strong></span> 
     </span>
    </p>
   </div>
   <div class='ocr_carea' id='block_1_5' title="bbox 785 1980 1304 2050">
    <p class='ocr_par' dir='ltr' id='par_1_5' title="bbox 785 1980 1304 2050">
     <span class='ocr_line' id='line_1_13' title="bbox 785 1980 1304 2050; baseline -0.002 -15"><span class='ocrx_word' id='word_1_128' title='bbox 785 1980 815 2035; x_wconf 90' lang='lat' dir='ltr'><strong>in</strong></span> <span class='ocrx_word' id='word_1_129' title='bbox 834 1981 860 2049; x_wconf 91' lang='lat'><strong>8,</strong></span> <span class='ocrx_word' id='word_1_130' title='bbox 879 1981 906 2035; x_wconf 88' lang='lat' dir='ltr'><strong>di</strong></span> <span class='ocrx_word' id='word_1_131' title='bbox 925 1983 943 2035; x_wconf 84' lang='lat' dir='ltr'><strong>f.</strong></span> <span class='ocrx_word' id='word_1_132' title='bbox 963 1981 1011 2050; x_wconf 81' lang='lat'>(4&gt;;</span> <span class='ocrx_word' id='word_1_133' title='bbox 1030 1985 1169 2036; x_wconf 81' lang='lat' dir='ltr'><strong>carattere</strong></span> <span class='ocrx_word' id='word_1_134' title='bbox 1189 1981 1304 2035; x_wconf 83' lang='lat' dir='ltr'><strong>corsivo.</strong></span> 
     </span>
    </p>
   </div>
   <div class='ocr_carea' id='block_1_6' title="bbox 582 2177 2127 4506">
    <p class='ocr_par' dir='ltr' id='par_1_6' title="bbox 582 2177 2127 2906">
     <span class='ocr_line' id='line_1_14' title="bbox 582 2177 2125 2274; baseline -0.004 -26"><span class='ocrx_word' id='word_1_135' title='bbox 582 2177 701 2248; x_wconf 76' lang='lat'>25110.</span> <span class='ocrx_word' id='word_1_136' title='bbox 726 2177 881 2274; x_wconf 73' lang='lat' dir='ltr'><strong>Cronius</strong></span> <span class='ocrx_word' id='word_1_137' title='bbox 904 2180 1118 2246; x_wconf 78' lang='lat' dir='ltr'><strong>Larinas·</strong></span> <span class='ocrx_word' id='word_1_138' title='bbox 1144 2180 1361 2246; x_wconf 83' lang='lat' dir='ltr'><strong>‹Pereenesis</strong></span> <span class='ocrx_word' id='word_1_139' title='bbox 1386 2180 1507 2260; x_wconf 81' lang='lat' dir='ltr'><strong>Leui=l</strong></span> <span class='ocrx_word' id='word_1_140' title='bbox 1518 2179 1552 2243; x_wconf 91' lang='lat' dir='ltr'><strong>ni</strong></span> <span class='ocrx_word' id='word_1_141' title='bbox 1576 2178 1682 2265; x_wconf 80' lang='lat' dir='ltr'><strong>Ornoij</strong></span> <span class='ocrx_word' id='word_1_142' title='bbox 1708 2177 1830 2260; x_wconf 72' lang='lat' dir='ltr'><strong>Ourios</strong></span> <span class='ocrx_word' id='word_1_143' title='bbox 1842 2178 1892 2243; x_wconf 91' lang='lat' dir='ltr'><strong>nis</strong></span> <span class='ocrx_word' id='word_1_144' title='bbox 1916 2179 2125 2264; x_wconf 80' lang='lat' dir='ltr'><strong>Bosoopani‚l</strong></span> 
     </span>
     <span class='ocr_line' id='line_1_15' title="bbox 732 2283 2126 2371; baseline -0.003 -19"><span class='ocrx_word' id='word_1_145' title='bbox 732 2285 773 2352; x_wconf 85' lang='lat' dir='ltr'><strong>nd</strong></span> <span class='ocrx_word' id='word_1_146' title='bbox 797 2287 985 2352; x_wconf 83' lang='lat' dir='ltr'><strong>Potentntus</strong></span> <span class='ocrx_word' id='word_1_147' title='bbox 1010 2285 1217 2360; x_wconf 81' lang='lat' dir='ltr'><strong>Christianos,</strong></span> <span class='ocrx_word' id='word_1_148' title='bbox 1233 2289 1294 2368; x_wconf 84' lang='lat' dir='ltr'><strong>lvt</strong></span> <span class='ocrx_word' id='word_1_149' title='bbox 1315 2305 1467 2371; x_wconf 87' lang='lat' dir='ltr'><strong>percusso</strong></span> <span class='ocrx_word' id='word_1_150' title='bbox 1490 2287 1576 2351; x_wconf 86' lang='lat' dir='ltr'><strong>inter</strong></span> <span class='ocrx_word' id='word_1_151' title='bbox 1597 2304 1632 2351; x_wconf 92' lang='lat' dir='ltr'><strong>se</strong></span> <span class='ocrx_word' id='word_1_152' title='bbox 1651 2283 1783 2360; x_wconf 74' lang='lat' dir='ltr'><strong>foedere,</strong></span> <span class='ocrx_word' id='word_1_153' title='bbox 1801 2283 1868 2350; x_wconf 84' lang='lat' dir='ltr'><strong>fer·</strong></span> <span class='ocrx_word' id='word_1_154' title='bbox 1880 2287 1895 2365; x_wconf 93' lang='grc' dir='ltr'><em>Ι</em></span> <span class='ocrx_word' id='word_1_155' title='bbox 1907 2303 1978 2349; x_wconf 92' lang='lat' dir='ltr'><strong>rum</strong></span> <span class='ocrx_word' id='word_1_156' title='bbox 2001 2285 2034 2350; x_wconf 88' lang='lat' dir='ltr'><strong>in</strong></span> <span class='ocrx_word' id='word_1_157' title='bbox 2050 2285 2126 2350; x_wconf 82' lang='lat' dir='ltr'><strong>Tur·</strong></span> 
     </span>
     <span class='ocr_line' id='line_1_16' title="bbox 733 2391 2123 2481; baseline -0.002 -22"><span class='ocrx_word' id='word_1_158' title='bbox 733 2412 813 2468; x_wconf 81' lang='lat' dir='ltr'><strong>cem,</strong></span> <span class='ocrx_word' id='word_1_159' title='bbox 830 2412 869 2459; x_wconf 86' lang='lat' dir='ltr'><strong>ec</strong></span> <span class='ocrx_word' id='word_1_160' title='bbox 884 2393 1039 2467; x_wconf 68' lang='lat' dir='ltr'><strong>Lemoni.</strong></span> <span class='ocrx_word' id='word_1_161' title='bbox 1052 2396 1066 2475; x_wconf 97' lang='grc' dir='ltr'><em>Ι</em></span> <span class='ocrx_word' id='word_1_162' title='bbox 1077 2391 1211 2481; x_wconf 76' lang='lat' dir='ltr'><strong>illius&#39;q3</strong></span> <span class='ocrx_word' id='word_1_163' title='bbox 1228 2394 1420 2466; x_wconf 86' lang='lat' dir='ltr'><strong>coniuratos,</strong></span> <span class='ocrx_word' id='word_1_164' title='bbox 1433 2412 1472 2458; x_wconf 87' lang='lat' dir='ltr'><strong>ac</strong></span> <span class='ocrx_word' id='word_1_165' title='bbox 1488 2411 1564 2478; x_wconf 90' lang='lat' dir='ltr'><strong>per·</strong></span> <span class='ocrx_word' id='word_1_166' title='bbox 1576 2396 1589 2475; x_wconf 97' lang='grc' dir='ltr'><em>Ι</em></span> <span class='ocrx_word' id='word_1_167' title='bbox 1601 2393 1723 2458; x_wconf 87' lang='lat' dir='ltr'><strong>tinaces</strong></span> <span class='ocrx_word' id='word_1_168' title='bbox 1738 2391 1877 2457; x_wconf 85' lang='lat' dir='ltr'><strong>asseclas</strong></span> <span class='ocrx_word' id='word_1_169' title='bbox 1893 2397 2123 2473; x_wconf 80' lang='lat' dir='ltr'><strong>conuerstant:</strong></span> 
     </span>
     <span class='ocr_line' id='line_1_17' title="bbox 733 2497 2126 2585; baseline 0 -21"><span class='ocrx_word' id='word_1_170' title='bbox 733 2501 861 2566; x_wconf 86' lang='lat' dir='ltr'><strong>insertis</strong></span> <span class='ocrx_word' id='word_1_171' title='bbox 883 2499 1003 2585; x_wconf 81' lang='lat' dir='ltr'><strong>aliquot</strong></span> <span class='ocrx_word' id='word_1_172' title='bbox 1014 2503 1027 2582; x_wconf 97' lang='grc' dir='ltr'><em>Ι</em></span> <span class='ocrx_word' id='word_1_173' title='bbox 1039 2498 1079 2566; x_wconf 89' lang='lat' dir='ltr'><strong>de</strong></span> <span class='ocrx_word' id='word_1_174' title='bbox 1095 2498 1191 2566; x_wconf 86' lang='lat' dir='ltr'><strong>rebus</strong></span> <span class='ocrx_word' id='word_1_175' title='bbox 1207 2500 1314 2566; x_wconf 83' lang='lat' dir='ltr'><strong>ortho</strong></span> <span class='ocrx_word' id='word_1_176' title='bbox 1325 2502 1339 2581; x_wconf 96' lang='grc' dir='ltr'><em>Ι</em></span> <span class='ocrx_word' id='word_1_177' title='bbox 1350 2499 1443 2566; x_wconf 82' lang='lat' dir='ltr'><strong>doxae</strong></span> <span class='ocrx_word' id='word_1_178' title='bbox 1462 2497 1536 2565; x_wconf 86' lang='lat' dir='ltr'><strong>fidei</strong></span> <span class='ocrx_word' id='word_1_179' title='bbox 1549 2500 1563 2581; x_wconf 94' lang='grc' dir='ltr'><em>Ι</em></span> <span class='ocrx_word' id='word_1_180' title='bbox 1574 2498 1870 2565; x_wconf 85' lang='lat' dir='ltr'><strong>dissertatiunculis.</strong></span> <span class='ocrx_word' id='word_1_181' title='bbox 1884 2503 1897 2582; x_wconf 97' lang='grc' dir='ltr'><em>Ι</em></span> <span class='ocrx_word' id='word_1_182' title='bbox 1910 2511 1936 2567; x_wconf 69' lang='lat' dir='ltr'><strong>ns</strong></span> <span class='ocrx_word' id='word_1_183' title='bbox 1952 2519 1981 2562; x_wconf 83' lang='lat'><strong>».</strong></span> <span class='ocrx_word' id='word_1_184' title='bbox 1998 2499 2043 2564; x_wconf 82' lang='lat' dir='ltr'><strong>In</strong></span> <span class='ocrx_word' id='word_1_185' title='bbox 2062 2499 2126 2584; x_wconf 76' lang='lat' dir='ltr'><strong>fine</strong></span> 
     </span>
     <span class='ocr_line' id='line_1_18' title="bbox 732 2603 2127 2693; baseline -0.003 -20"><span class='ocrx_word' id='word_1_186' title='bbox 732 2606 928 2692; x_wconf 80' lang='lat' dir='ltr'><strong>siteppono</strong></span> <span class='ocrx_word' id='word_1_187' title='bbox 959 2606 1014 2672; x_wconf 82' lang='lat' dir='ltr'><strong>dei</strong></span> <span class='ocrx_word' id='word_1_188' title='bbox 1043 2607 1134 2672; x_wconf 80' lang='lat' dir='ltr'><strong>versi</strong></span> <span class='ocrx_word' id='word_1_189' title='bbox 1158 2606 1255 2672; x_wconf 80' lang='lat' dir='ltr'><strong>latini</strong></span> <span class='ocrx_word' id='word_1_190' title='bbox 1281 2624 1300 2672; x_wconf 92' lang='lat' dir='ltr'><strong>e</strong></span> <span class='ocrx_word' id='word_1_191' title='bbox 1329 2605 1421 2693; x_wconf 80' lang='lat' dir='ltr'><strong>preci</strong></span> <span class='ocrx_word' id='word_1_192' title='bbox 1451 2605 1488 2670; x_wconf 81' lang='lat' dir='ltr'><strong>in</strong></span> <span class='ocrx_word' id='word_1_193' title='bbox 1518 2624 1623 2674; x_wconf 81' lang='lat' dir='ltr'><strong>onore</strong></span> <span class='ocrx_word' id='word_1_194' title='bbox 1650 2605 1687 2672; x_wconf 84' lang='lat' dir='ltr'><strong>di</strong></span> <span class='ocrx_word' id='word_1_195' title='bbox 1709 2605 1834 2673; x_wconf 77' lang='lat' dir='ltr'><strong>Lepino</strong></span> <span class='ocrx_word' id='word_1_196' title='bbox 1861 2603 1992 2680; x_wconf 63' lang='lat' dir='ltr'><strong>oeteo,</strong></span> <span class='ocrx_word' id='word_1_197' title='bbox 2016 2605 2127 2672; x_wconf 79' lang='lat' dir='ltr'><strong>deitati</strong></span> 
     </span>
     <span class='ocr_line' id='line_1_19' title="bbox 736 2710 2127 2800; baseline 0 -21"><span class='ocrx_word' id='word_1_198' title='bbox 736 2714 783 2779; x_wconf 86' lang='lat' dir='ltr'><strong>da</strong></span> <span class='ocrx_word' id='word_1_199' title='bbox 801 2712 961 2782; x_wconf 83' lang='lat' dir='ltr'><strong>Giacomo</strong></span> <span class='ocrx_word' id='word_1_200' title='bbox 978 2713 1123 2797; x_wconf 86' lang='lat' dir='ltr'><strong>Iasporo</strong></span> <span class='ocrx_word' id='word_1_201' title='bbox 1140 2710 1347 2800; x_wconf 72' lang='lat' dir='ltr'><strong>(lespersen)</strong></span> <span class='ocrx_word' id='word_1_202' title='bbox 1363 2731 1440 2788; x_wconf 87' lang='lat' dir='ltr'><strong>eco.;</strong></span> <span class='ocrx_word' id='word_1_203' title='bbox 1455 2713 1546 2779; x_wconf 78' lang='lat' dir='ltr'><strong>indi:</strong></span> <span class='ocrx_word' id='word_1_204' title='bbox 1563 2732 1581 2775; x_wconf 90' lang='lat'><strong>‹</strong></span> <span class='ocrx_word' id='word_1_205' title='bbox 1598 2713 1805 2798; x_wconf 86' lang='lat' dir='ltr'><strong>Antuerp.</strong></span> <span class='ocrx_word' id='word_1_206' title='bbox 1822 2713 1884 2778; x_wconf 83' lang='lat' dir='ltr'><strong>An.</strong></span> <span class='ocrx_word' id='word_1_207' title='bbox 1903 2716 2127 2794; x_wconf 64' lang='lat' dir='ltr'><strong>nonnum!</strong></span> 
     </span>
     <span class='ocr_line' id='line_1_20' title="bbox 738 2819 1163 2906; baseline -0.005 -20"><span class='ocrx_word' id='word_1_208' title='bbox 738 2821 816 2886; x_wconf 81' lang='lat' dir='ltr'><strong>eum</strong></span> <span class='ocrx_word' id='word_1_209' title='bbox 838 2820 1008 2906; x_wconf 81' lang='lat' dir='ltr'><strong>priuilegio</strong></span> <span class='ocrx_word' id='word_1_210' title='bbox 1031 2819 1115 2905; x_wconf 84' lang='lat' dir='ltr'><strong>(etc.)</strong></span> <span class='ocrx_word' id='word_1_211' title='bbox 1134 2841 1163 2884; x_wconf 83' lang='lat'><strong>›.</strong></span> 
     </span>
    </p>

    <p class='ocr_par' dir='ltr' id='par_1_7' title="bbox 787 2941 1329 3012">
     <span class='ocr_line' id='line_1_21' title="bbox 787 2941 1329 3012; baseline 0 -16"><span class='ocrx_word' id='word_1_212' title='bbox 787 2941 816 2996; x_wconf 87' lang='lat' dir='ltr'><strong>in</strong></span> <span class='ocrx_word' id='word_1_213' title='bbox 836 2941 862 3009; x_wconf 88' lang='lat'><strong>8,</strong></span> <span class='ocrx_word' id='word_1_214' title='bbox 881 2943 908 2996; x_wconf 85' lang='lat' dir='ltr'><strong>di</strong></span> <span class='ocrx_word' id='word_1_215' title='bbox 927 2943 945 2996; x_wconf 86' lang='lat' dir='ltr'><strong>f.</strong></span> <span class='ocrx_word' id='word_1_216' title='bbox 965 2943 1039 3012; x_wconf 77' lang='lat'><strong>(48);</strong></span> <span class='ocrx_word' id='word_1_217' title='bbox 1058 2947 1196 2998; x_wconf 83' lang='lat' dir='ltr'><strong>carattere</strong></span> <span class='ocrx_word' id='word_1_218' title='bbox 1214 2943 1329 2998; x_wconf 81' lang='lat' dir='ltr'><strong>corsivo.</strong></span> 
     </span>
    </p>

    <p class='ocr_par' dir='ltr' id='par_1_8' title="bbox 733 3047 2127 3333">
     <span class='ocr_line' id='line_1_22' title="bbox 786 3047 2127 3120; baseline -0.001 -16"><span class='ocrx_word' id='word_1_219' title='bbox 786 3048 998 3104; x_wconf 66' lang='lat' dir='ltr'><strong>eones-esne</strong></span> <span class='ocrx_word' id='word_1_220' title='bbox 1020 3063 1228 3105; x_wconf 65' lang='lat' dir='ltr'><strong>asscensorem.</strong></span> <span class='ocrx_word' id='word_1_221' title='bbox 1242 3077 1275 3091; x_wconf 90' lang='lat'>-</span> <span class='ocrx_word' id='word_1_222' title='bbox 1289 3047 1358 3119; x_wconf 76' lang='lat' dir='ltr'><strong>Leg.</strong></span> <span class='ocrx_word' id='word_1_223' title='bbox 1377 3049 1406 3104; x_wconf 93' lang='lat' dir='ltr'><strong>in</strong></span> <span class='ocrx_word' id='word_1_224' title='bbox 1423 3049 1495 3118; x_wconf 86' lang='lat' dir='ltr'><strong>petis</strong></span> <span class='ocrx_word' id='word_1_225' title='bbox 1510 3047 1538 3102; x_wconf 90' lang='lat' dir='ltr'><strong>di</strong></span> <span class='ocrx_word' id='word_1_226' title='bbox 1557 3048 1662 3104; x_wconf 83' lang='lat' dir='ltr'><strong>vitello.</strong></span> <span class='ocrx_word' id='word_1_227' title='bbox 1679 3078 1713 3092; x_wconf 89' lang='lat'><em>-</em></span> <span class='ocrx_word' id='word_1_228' title='bbox 1725 3047 1779 3104; x_wconf 86' lang='lat' dir='ltr'><strong>Nel</strong></span> <span class='ocrx_word' id='word_1_229' title='bbox 1797 3049 1850 3104; x_wconf 86' lang='lat' dir='ltr'><strong>Dr.</strong></span> <span class='ocrx_word' id='word_1_230' title='bbox 1869 3049 2049 3120; x_wconf 85' lang='lat' dir='ltr'><strong>impressione</strong></span> <span class='ocrx_word' id='word_1_231' title='bbox 2068 3065 2127 3104; x_wconf 90' lang='lat' dir='ltr'><strong>cen·</strong></span> 
     </span>
     <span class='ocr_line' id='line_1_23' title="bbox 733 3154 2127 3226; baseline -0.003 -15"><span class='ocrx_word' id='word_1_232' title='bbox 733 3156 805 3212; x_wconf 76' lang='lat' dir='ltr'><strong>treIe</strong></span> <span class='ocrx_word' id='word_1_233' title='bbox 824 3157 851 3210; x_wconf 82' lang='grc' dir='ltr'><em>Ε</em></span> <span class='ocrx_word' id='word_1_234' title='bbox 868 3171 919 3210; x_wconf 90' lang='lat' dir='ltr'><strong>con</strong></span> <span class='ocrx_word' id='word_1_235' title='bbox 937 3155 967 3210; x_wconf 89' lang='lat' dir='ltr'><strong>la</strong></span> <span class='ocrx_word' id='word_1_236' title='bbox 985 3155 1049 3211; x_wconf 85' lang='lat' dir='ltr'><strong>data</strong></span> <span class='ocrx_word' id='word_1_237' title='bbox 1069 3156 1161 3210; x_wconf 74' lang='lat'><em>1558.</em></span> <span class='ocrx_word' id='word_1_238' title='bbox 1180 3155 1233 3211; x_wconf 86' lang='lat' dir='ltr'><strong>Nel</strong></span> <span class='ocrx_word' id='word_1_239' title='bbox 1252 3155 1289 3212; x_wconf 86' lang='lat' dir='ltr'><strong>R.</strong></span> <span class='ocrx_word' id='word_1_240' title='bbox 1312 3155 1342 3211; x_wconf 86' lang='lat' dir='ltr'><strong>G.</strong></span> <span class='ocrx_word' id='word_1_241' title='bbox 1362 3155 1402 3209; x_wconf 85' lang='lat' dir='ltr'><strong>De</strong></span> <span class='ocrx_word' id='word_1_242' title='bbox 1421 3155 1554 3212; x_wconf 86' lang='lat' dir='ltr'><strong>ambsdue</strong></span> <span class='ocrx_word' id='word_1_243' title='bbox 1570 3155 1579 3209; x_wconf 95' lang='lat' dir='ltr'><strong>i</strong></span> <span class='ocrx_word' id='word_1_244' title='bbox 1595 3155 1646 3211; x_wconf 88' lang='lat' dir='ltr'><strong>lati</strong></span> <span class='ocrx_word' id='word_1_245' title='bbox 1666 3155 1844 3226; x_wconf 83' lang='lat' dir='ltr'><strong>impressione</strong></span> <span class='ocrx_word' id='word_1_246' title='bbox 1863 3155 1889 3210; x_wconf 86' lang='lat' dir='ltr'><strong>di</strong></span> <span class='ocrx_word' id='word_1_247' title='bbox 1912 3159 2047 3211; x_wconf 85' lang='lat' dir='ltr'><strong>conterno</strong></span> <span class='ocrx_word' id='word_1_248' title='bbox 2066 3173 2081 3210; x_wconf 87' lang='lat' dir='ltr'><strong>c</strong></span> <span class='ocrx_word' id='word_1_249' title='bbox 2097 3154 2127 3210; x_wconf 90' lang='lat' dir='ltr'><strong>ed</strong></span> 
     </span>
     <span class='ocr_line' id='line_1_24' title="bbox 733 3261 1309 3333; baseline -0.003 -16"><span class='ocrx_word' id='word_1_250' title='bbox 733 3261 805 3318; x_wconf 87' lang='lat' dir='ltr'><strong>altre</strong></span> <span class='ocrx_word' id='word_1_251' title='bbox 824 3262 998 3333; x_wconf 88' lang='lat' dir='ltr'><strong>impressioni</strong></span> <span class='ocrx_word' id='word_1_252' title='bbox 1017 3261 1176 3332; x_wconf 88' lang='lat' dir='ltr'><strong>esprimenti</strong></span> <span class='ocrx_word' id='word_1_253' title='bbox 1196 3261 1309 3332; x_wconf 88' lang='lat' dir='ltr'><strong>puttini.</strong></span> 
     </span>
    </p>

    <p class='ocr_par' dir='ltr' id='par_1_9' title="bbox 731 3368 2127 4506">
     <span class='ocr_line' id='line_1_25' title="bbox 786 3368 2127 3440; baseline 0.001 -18"><span class='ocrx_word' id='word_1_254' title='bbox 786 3368 817 3424; x_wconf 86' lang='lat' dir='ltr'><strong>in</strong></span> <span class='ocrx_word' id='word_1_255' title='bbox 837 3369 973 3440; x_wconf 91' lang='lat' dir='ltr'><strong>principio</strong></span> <span class='ocrx_word' id='word_1_256' title='bbox 990 3368 1064 3424; x_wconf 86' lang='lat' dir='ltr'><strong>delle</strong></span> <span class='ocrx_word' id='word_1_257' title='bbox 1082 3369 1270 3436; x_wconf 84' lang='lat' dir='ltr'><strong>miscellanea,</strong></span> <span class='ocrx_word' id='word_1_258' title='bbox 1289 3385 1356 3423; x_wconf 88' lang='lat' dir='ltr'><strong>sono</strong></span> <span class='ocrx_word' id='word_1_259' title='bbox 1376 3369 1428 3424; x_wconf 86' lang='lat' dir='ltr'><strong>due</strong></span> <span class='ocrx_word' id='word_1_260' title='bbox 1444 3369 1512 3439; x_wconf 81' lang='lat' dir='ltr'><strong>togii</strong></span> <span class='ocrx_word' id='word_1_261' title='bbox 1526 3386 1590 3423; x_wconf 86' lang='lat' dir='ltr'><strong>mss.</strong></span> <span class='ocrx_word' id='word_1_262' title='bbox 1603 3369 1762 3424; x_wconf 85' lang='lat' dir='ltr'><strong>contenenti</strong></span> <span class='ocrx_word' id='word_1_263' title='bbox 1775 3369 1847 3424; x_wconf 89' lang='lat' dir='ltr'><strong>versi</strong></span> <span class='ocrx_word' id='word_1_264' title='bbox 1866 3369 1946 3424; x_wconf 88' lang='lat' dir='ltr'><strong>latini</strong></span> <span class='ocrx_word' id='word_1_265' title='bbox 1960 3369 1988 3423; x_wconf 87' lang='lat' dir='ltr'><strong>di</strong></span> <span class='ocrx_word' id='word_1_266' title='bbox 2001 3369 2127 3424; x_wconf 82' lang='lat' dir='ltr'><strong>Giecomo</strong></span> 
     </span>
     <span class='ocr_line' id='line_1_26' title="bbox 732 3473 2125 3547; baseline 0 -17"><span class='ocrx_word' id='word_1_267' title='bbox 732 3475 850 3547; x_wconf 79' lang='lat' dir='ltr'><strong>iasparo,</strong></span> <span class='ocrx_word' id='word_1_268' title='bbox 864 3476 893 3530; x_wconf 91' lang='lat' dir='ltr'><strong>in</strong></span> <span class='ocrx_word' id='word_1_269' title='bbox 905 3491 990 3532; x_wconf 88' lang='lat' dir='ltr'><strong>onore</strong></span> <span class='ocrx_word' id='word_1_270' title='bbox 1003 3476 1029 3530; x_wconf 86' lang='lat' dir='ltr'><strong>di</strong></span> <span class='ocrx_word' id='word_1_271' title='bbox 1043 3475 1173 3532; x_wconf 81' lang='lat' dir='ltr'><strong>Fsderico</strong></span> <span class='ocrx_word' id='word_1_272' title='bbox 1186 3475 1245 3547; x_wconf 76' lang='lat'><em>(111)</em></span> <span class='ocrx_word' id='word_1_273' title='bbox 1258 3473 1346 3530; x_wconf 79' lang='lat' dir='ltr'><strong>Conte</strong></span> <span class='ocrx_word' id='word_1_274' title='bbox 1359 3475 1495 3530; x_wconf 80' lang='lat' dir='ltr'><strong>Palatino:</strong></span> <span class='ocrx_word' id='word_1_275' title='bbox 1509 3489 1527 3529; x_wconf 72' lang='lat' dir='ltr'><strong>e</strong></span> <span class='ocrx_word' id='word_1_276' title='bbox 1540 3475 1697 3531; x_wconf 79' lang='lat' dir='ltr'><strong>Gratulotio</strong></span> <span class='ocrx_word' id='word_1_277' title='bbox 1712 3475 1846 3547; x_wconf 76' lang='lat' dir='ltr'><strong>Elepiece</strong></span> <span class='ocrx_word' id='word_1_278' title='bbox 1858 3477 1896 3530; x_wconf 82' lang='lat' dir='ltr'><strong>od</strong></span> <span class='ocrx_word' id='word_1_279' title='bbox 1907 3477 2125 3530; x_wconf 68' lang='lat' dir='ltr'><strong>illustsissimem</strong></span> 
     </span>
     <span class='ocr_line' id='line_1_27' title="bbox 731 3581 2123 3656; baseline 0 -20"><span class='ocrx_word' id='word_1_280' title='bbox 731 3585 904 3654; x_wconf 82' lang='lat' dir='ltr'><strong>principem:</strong></span> <span class='ocrx_word' id='word_1_281' title='bbox 924 3593 949 3637; x_wconf 82' lang='lat' dir='ltr'><strong>et</strong></span> <span class='ocrx_word' id='word_1_282' title='bbox 967 3583 1118 3638; x_wconf 80' lang='lat' dir='ltr'><strong>dominum.</strong></span> <span class='ocrx_word' id='word_1_283' title='bbox 1131 3583 1165 3636; x_wconf 86' lang='lat' dir='ltr'><strong>D.</strong></span> <span class='ocrx_word' id='word_1_284' title='bbox 1179 3581 1365 3638; x_wconf 72' lang='lat' dir='ltr'><strong>Frederecum</strong></span> <span class='ocrx_word' id='word_1_285' title='bbox 1378 3583 1474 3636; x_wconf 73' lang='lat' dir='ltr'><strong>diuise</strong></span> <span class='ocrx_word' id='word_1_286' title='bbox 1487 3583 1579 3654; x_wconf 77' lang='lat' dir='ltr'><strong>pratia</strong></span> <span class='ocrx_word' id='word_1_287' title='bbox 1593 3585 1719 3638; x_wconf 83' lang='lat' dir='ltr'><strong>comitem</strong></span> <span class='ocrx_word' id='word_1_288' title='bbox 1736 3583 1899 3654; x_wconf 79' lang='lat' dir='ltr'><strong>palatinum,</strong></span> <span class='ocrx_word' id='word_1_289' title='bbox 1913 3581 1990 3656; x_wconf 86' lang='lat' dir='ltr'><strong>(etc.)</strong></span> <span class='ocrx_word' id='word_1_290' title='bbox 2003 3585 2123 3638; x_wconf 72' lang='lat' dir='ltr'><strong>Amisere</strong></span> 
     </span>
     <span class='ocr_line' id='line_1_28' title="bbox 733 3689 2124 3761; baseline -0.001 -17"><span class='ocrx_word' id='word_1_291' title='bbox 733 3689 832 3745; x_wconf 82' lang='lat' dir='ltr'><strong>Iacobo</strong></span> <span class='ocrx_word' id='word_1_292' title='bbox 852 3689 969 3761; x_wconf 84' lang='lat' dir='ltr'><strong>Ieeparo</strong></span> <span class='ocrx_word' id='word_1_293' title='bbox 994 3691 1066 3744; x_wconf 78' lang='lat' dir='ltr'><strong>deno</strong></span> <span class='ocrx_word' id='word_1_294' title='bbox 1085 3691 1253 3744; x_wconf 65' lang='lat' dir='ltr'><strong>Arriusiea.</strong></span> <span class='ocrx_word' id='word_1_295' title='bbox 1278 3691 1476 3744; x_wconf 73' lang='lat' dir='ltr'><strong>subiectissime</strong></span> <span class='ocrx_word' id='word_1_296' title='bbox 1502 3690 1602 3744; x_wconf 80' lang='lat' dir='ltr'><strong>cliente</strong></span> <span class='ocrx_word' id='word_1_297' title='bbox 1627 3691 1695 3744; x_wconf 80' lang='lat' dir='ltr'><strong>eius.</strong></span> <span class='ocrx_word' id='word_1_298' title='bbox 1711 3706 1741 3756; x_wconf 75' lang='lat' dir='ltr'><strong>n,</strong></span> <span class='ocrx_word' id='word_1_299' title='bbox 1760 3689 1909 3759; x_wconf 84' lang='lat' dir='ltr'><strong>principie:</strong></span> <span class='ocrx_word' id='word_1_300' title='bbox 1927 3703 1945 3743; x_wconf 70' lang='lat' dir='ltr'><strong>c</strong></span> <span class='ocrx_word' id='word_1_301' title='bbox 1960 3689 2124 3745; x_wconf 78' lang='lat' dir='ltr'><strong>Gratulore</strong></span> 
     </span>
     <span class='ocr_line' id='line_1_29' title="bbox 733 3793 2124 3868; baseline 0.001 -20"><span class='ocrx_word' id='word_1_302' title='bbox 733 3795 887 3850; x_wconf 67' lang='lat' dir='ltr'><strong>Frederice</strong></span> <span class='ocrx_word' id='word_1_303' title='bbox 908 3793 1005 3850; x_wconf 76' lang='lat' dir='ltr'><strong>eomes</strong></span> <span class='ocrx_word' id='word_1_304' title='bbox 1029 3798 1129 3866; x_wconf 78' lang='lat' dir='ltr'><strong>fauste,</strong></span> <span class='ocrx_word' id='word_1_305' title='bbox 1148 3805 1229 3865; x_wconf 80' lang='lat' dir='ltr'><strong>atque</strong></span> <span class='ocrx_word' id='word_1_306' title='bbox 1250 3795 1334 3862; x_wconf 83' lang='lat' dir='ltr'><strong>beate,</strong></span> <span class='ocrx_word' id='word_1_307' title='bbox 1347 3793 1355 3864; x_wconf 90' lang='grc' dir='ltr'><em>Ι</em></span> <span class='ocrx_word' id='word_1_308' title='bbox 1365 3794 1425 3848; x_wconf 81' lang='lat' dir='ltr'><strong>Has</strong></span> <span class='ocrx_word' id='word_1_309' title='bbox 1444 3795 1493 3849; x_wconf 79' lang='lat' dir='ltr'><strong>tibi</strong></span> <span class='ocrx_word' id='word_1_310' title='bbox 1512 3797 1641 3865; x_wconf 71' lang='lat' dir='ltr'><strong>fortunas</strong></span> <span class='ocrx_word' id='word_1_311' title='bbox 1665 3795 1796 3868; x_wconf 76' lang='lat' dir='ltr'><strong>protutor</strong></span> <span class='ocrx_word' id='word_1_312' title='bbox 1820 3797 1879 3864; x_wconf 86' lang='lat' dir='ltr'><strong>ipse</strong></span> <span class='ocrx_word' id='word_1_313' title='bbox 1898 3803 1966 3848; x_wconf 79' lang='lat' dir='ltr'><strong>tuos.</strong></span> <span class='ocrx_word' id='word_1_314' title='bbox 1979 3793 1988 3864; x_wconf 90' lang='grc' dir='ltr'><em>Ι</em></span> <span class='ocrx_word' id='word_1_315' title='bbox 1999 3793 2076 3866; x_wconf 78' lang='lat' dir='ltr'><strong>(eto)</strong></span> <span class='ocrx_word' id='word_1_316' title='bbox 2093 3821 2124 3834; x_wconf 90' lang='lat'>-</span> 
     </span>
     <span class='ocr_line' id='line_1_30' title="bbox 733 3900 2125 3972; baseline 0.001 -18"><span class='ocrx_word' id='word_1_317' title='bbox 733 3919 748 3954; x_wconf 78' lang='lat' dir='ltr'><strong>c</strong></span> <span class='ocrx_word' id='word_1_318' title='bbox 763 3902 851 3958; x_wconf 76' lang='lat' dir='ltr'><em>Aliud</em></span> <span class='ocrx_word' id='word_1_319' title='bbox 864 3903 989 3956; x_wconf 65' lang='lat' dir='ltr'><strong>eusdem</strong></span> <span class='ocrx_word' id='word_1_320' title='bbox 1001 3917 1026 3966; x_wconf 74' lang='lat' dir='ltr'><strong>n,</strong></span> <span class='ocrx_word' id='word_1_321' title='bbox 1039 3901 1138 3972; x_wconf 82' lang='lat' dir='ltr'><strong>princ:</strong></span> <span class='ocrx_word' id='word_1_322' title='bbox 1153 3914 1170 3954; x_wconf 76' lang='lat' dir='ltr'><strong>c</strong></span> <span class='ocrx_word' id='word_1_323' title='bbox 1186 3900 1296 3956; x_wconf 82' lang='lat' dir='ltr'><strong>Ccnicie</strong></span> <span class='ocrx_word' id='word_1_324' title='bbox 1307 3901 1466 3956; x_wconf 73' lang='lat' dir='ltr'><strong>emerando</strong></span> <span class='ocrx_word' id='word_1_325' title='bbox 1481 3900 1572 3968; x_wconf 77' lang='lat' dir='ltr'><strong>Pales,</strong></span> <span class='ocrx_word' id='word_1_326' title='bbox 1585 3917 1667 3971; x_wconf 81' lang='lat' dir='ltr'><strong>quem</strong></span> <span class='ocrx_word' id='word_1_327' title='bbox 1678 3902 1725 3956; x_wconf 79' lang='lat' dir='ltr'><strong>dia</strong></span> <span class='ocrx_word' id='word_1_328' title='bbox 1739 3901 1845 3970; x_wconf 72' lang='lat' dir='ltr'><strong>tenuit!</strong></span> <span class='ocrx_word' id='word_1_329' title='bbox 1857 3901 1929 3968; x_wconf 82' lang='lat' dir='ltr'><strong>Sors,</strong></span> <span class='ocrx_word' id='word_1_330' title='bbox 1944 3903 2041 3972; x_wconf 77' lang='lat' dir='ltr'><strong>opibus</strong></span> <span class='ocrx_word' id='word_1_331' title='bbox 2058 3902 2125 3956; x_wconf 79' lang='lat' dir='ltr'><strong>Tur·</strong></span> 
     </span>
     <span class='ocr_line' id='line_1_31' title="bbox 732 4005 2124 4080; baseline -0.002 -17"><span class='ocrx_word' id='word_1_332' title='bbox 732 4025 786 4076; x_wconf 82' lang='lat' dir='ltr'><strong>cos,</strong></span> <span class='ocrx_word' id='word_1_333' title='bbox 803 4020 884 4080; x_wconf 77' lang='lat' dir='ltr'><strong>atque</strong></span> <span class='ocrx_word' id='word_1_334' title='bbox 903 4025 956 4079; x_wconf 85' lang='lat' dir='ltr'><strong>ope</strong></span> <span class='ocrx_word' id='word_1_335' title='bbox 973 4009 1061 4079; x_wconf 78' lang='lat' dir='ltr'><strong>suade</strong></span> <span class='ocrx_word' id='word_1_336' title='bbox 1081 4017 1136 4062; x_wconf 80' lang='lat' dir='ltr'><strong>tue.</strong></span> <span class='ocrx_word' id='word_1_337' title='bbox 1149 4023 1167 4063; x_wconf 76' lang='lat' dir='ltr'><strong>s</strong></span> <span class='ocrx_word' id='word_1_338' title='bbox 1180 4035 1213 4048; x_wconf 90' lang='lat'><em>-</em></span> <span class='ocrx_word' id='word_1_339' title='bbox 1229 4007 1319 4076; x_wconf 79' lang='lat' dir='ltr'><strong>Segne</strong></span> <span class='ocrx_word' id='word_1_340' title='bbox 1331 4023 1368 4060; x_wconf 89' lang='lat' dir='ltr'><strong>nn</strong></span> <span class='ocrx_word' id='word_1_341' title='bbox 1385 4022 1476 4062; x_wconf 89' lang='lat' dir='ltr'><strong>carme</strong></span> <span class='ocrx_word' id='word_1_342' title='bbox 1495 4005 1539 4062; x_wconf 89' lang='lat' dir='ltr'><strong>del</strong></span> <span class='ocrx_word' id='word_1_343' title='bbox 1558 4005 1707 4062; x_wconf 86' lang='lat' dir='ltr'><strong>medesimo</strong></span> <span class='ocrx_word' id='word_1_344' title='bbox 1725 4007 1784 4078; x_wconf 81' lang='lat' dir='ltr'><strong>agii</strong></span> <span class='ocrx_word' id='word_1_345' title='bbox 1803 4007 1920 4063; x_wconf 85' lang='lat' dir='ltr'><strong>Elettori</strong></span> <span class='ocrx_word' id='word_1_346' title='bbox 1939 4006 2124 4078; x_wconf 87' lang='lat' dir='ltr'><strong>dell&#39;impero:</strong></span> 
     </span>
     <span class='ocr_line' id='line_1_32' title="bbox 732 4113 2125 4187; baseline -0.001 -19"><span class='ocrx_word' id='word_1_347' title='bbox 732 4115 852 4171; x_wconf 73' lang='lat' dir='ltr'><strong><em>«Aliud</em></strong></span> <span class='ocrx_word' id='word_1_348' title='bbox 876 4117 913 4170; x_wconf 84' lang='lat' dir='ltr'><strong>ed</strong></span> <span class='ocrx_word' id='word_1_349' title='bbox 936 4126 1042 4186; x_wconf 79' lang='lat' dir='ltr'><strong>septem</strong></span> <span class='ocrx_word' id='word_1_350' title='bbox 1067 4115 1152 4169; x_wconf 59' lang='lat' dir='ltr'><strong>smel</strong></span> <span class='ocrx_word' id='word_1_351' title='bbox 1175 4118 1250 4169; x_wconf 81' lang='lat' dir='ltr'><strong>sacri</strong></span> <span class='ocrx_word' id='word_1_352' title='bbox 1268 4115 1385 4185; x_wconf 77' lang='lat' dir='ltr'><strong>Imperii</strong></span> <span class='ocrx_word' id='word_1_353' title='bbox 1406 4113 1568 4170; x_wconf 74' lang='lat' dir='ltr'><strong>Elec-tores:</strong></span> <span class='ocrx_word' id='word_1_354' title='bbox 1586 4125 1691 4187; x_wconf 79' lang='lat' dir='ltr'><strong>septem</strong></span> <span class='ocrx_word' id='word_1_355' title='bbox 1712 4133 1818 4186; x_wconf 76' lang='lat' dir='ltr'><strong>quoque</strong></span> <span class='ocrx_word' id='word_1_356' title='bbox 1841 4117 1968 4171; x_wconf 64' lang='lat' dir='ltr'><strong>vesitus</strong></span> <span class='ocrx_word' id='word_1_357' title='bbox 1991 4117 2125 4171; x_wconf 63' lang='lat' dir='ltr'><strong>sensim</strong></span> 
     </span>
     <span class='ocr_line' id='line_1_33' title="bbox 733 4221 2124 4294; baseline -0.001 -17"><span class='ocrx_word' id='word_1_358' title='bbox 733 4225 768 4278; x_wconf 83' lang='lat' dir='ltr'><strong>ab</strong></span> <span class='ocrx_word' id='word_1_359' title='bbox 787 4225 892 4278; x_wconf 84' lang='lat' dir='ltr'><strong>eodem.</strong></span> <span class='ocrx_word' id='word_1_360' title='bbox 906 4241 931 4291; x_wconf 71' lang='lat' dir='ltr'><strong>s,</strong></span> <span class='ocrx_word' id='word_1_361' title='bbox 952 4222 1101 4292; x_wconf 87' lang='lat' dir='ltr'><strong>principia:</strong></span> <span class='ocrx_word' id='word_1_362' title='bbox 1119 4223 1269 4277; x_wconf 76' lang='lat' dir='ltr'><strong>«Ronmni</strong></span> <span class='ocrx_word' id='word_1_363' title='bbox 1288 4221 1404 4293; x_wconf 75' lang='lat' dir='ltr'><strong>imperii</strong></span> <span class='ocrx_word' id='word_1_364' title='bbox 1421 4238 1565 4293; x_wconf 67' lang='lat' dir='ltr'><strong>proceret,</strong></span> <span class='ocrx_word' id='word_1_365' title='bbox 1586 4223 1735 4277; x_wconf 82' lang='lat' dir='ltr'><strong>lectissime</strong></span> <span class='ocrx_word' id='word_1_366' title='bbox 1755 4221 1852 4292; x_wconf 77' lang='lat' dir='ltr'><strong>turba!</strong></span> <span class='ocrx_word' id='word_1_367' title='bbox 1862 4221 1938 4294; x_wconf 88' lang='lat' dir='ltr'><strong>(etc.)</strong></span> <span class='ocrx_word' id='word_1_368' title='bbox 1951 4240 1976 4279; x_wconf 74' lang='lat' dir='ltr'><strong>n.</strong></span> <span class='ocrx_word' id='word_1_369' title='bbox 1996 4252 2029 4265; x_wconf 93' lang='lat'><strong>-·</strong></span> <span class='ocrx_word' id='word_1_370' title='bbox 2048 4222 2124 4278; x_wconf 79' lang='lat' dir='ltr'><strong>Altro</strong></span> 
     </span>
     <span class='ocr_line' id='line_1_34' title="bbox 734 4328 2125 4401; baseline 0.001 -18"><span class='ocrx_word' id='word_1_371' title='bbox 734 4345 840 4384; x_wconf 86' lang='lat' dir='ltr'><strong>carme:</strong></span> <span class='ocrx_word' id='word_1_372' title='bbox 858 4331 935 4384; x_wconf 80' lang='lat' dir='ltr'><strong>«Ao</strong></span> <span class='ocrx_word' id='word_1_373' title='bbox 952 4346 1064 4384; x_wconf 83' lang='lat' dir='ltr'><strong>sacrem</strong></span> <span class='ocrx_word' id='word_1_374' title='bbox 1085 4329 1196 4385; x_wconf 80' lang='lat' dir='ltr'><strong>Caesar:</strong></span> <span class='ocrx_word' id='word_1_375' title='bbox 1213 4329 1423 4396; x_wconf 77' lang='lat' dir='ltr'><strong>maiestatem»,</strong></span> <span class='ocrx_word' id='word_1_376' title='bbox 1443 4328 1543 4398; x_wconf 81' lang='lat' dir='ltr'><strong>princ:</strong></span> <span class='ocrx_word' id='word_1_377' title='bbox 1563 4328 1718 4400; x_wconf 65' lang='lat' dir='ltr'><strong>«Imperia</strong></span> <span class='ocrx_word' id='word_1_378' title='bbox 1738 4339 1886 4401; x_wconf 75' lang='lat' dir='ltr'><strong>postquam</strong></span> <span class='ocrx_word' id='word_1_379' title='bbox 1904 4332 1997 4384; x_wconf 85' lang='lat' dir='ltr'><strong>deciso</strong></span> <span class='ocrx_word' id='word_1_380' title='bbox 2015 4329 2125 4400; x_wconf 77' lang='lat' dir='ltr'><strong>nepocie</strong></span> 
     </span>
     <span class='ocr_line' id='line_1_35' title="bbox 732 4434 952 4506; baseline -0.009 -16"><span class='ocrx_word' id='word_1_381' title='bbox 732 4438 814 4502; x_wconf 82' lang='lat' dir='ltr'><strong>seori,</strong></span> <span class='ocrx_word' id='word_1_382' title='bbox 835 4434 910 4506; x_wconf 88' lang='lat' dir='ltr'><strong>(etc.)</strong></span> <span class='ocrx_word' id='word_1_383' title='bbox 927 4453 952 4491; x_wconf 71' lang='lat' dir='ltr'><strong>n.</strong></span> 
     </span>
    </p>
   </div>
   <div class='ocr_carea' id='block_1_7' title="bbox 582 4629 2125 5148">
    <p class='ocr_par' dir='ltr' id='par_1_10' title="bbox 582 4629 2125 5148">
     <span class='ocr_line' id='line_1_36' title="bbox 582 4629 2124 4720; baseline -0.002 -20"><span class='ocrx_word' id='word_1_384' title='bbox 582 4629 680 4701; x_wconf 84' lang='grc'><strong>2512.</strong></span> <span class='ocrx_word' id='word_1_385' title='bbox 703 4629 784 4714; x_wconf 73' lang='lat' dir='ltr'><strong>Iret),</strong></span> <span class='ocrx_word' id='word_1_386' title='bbox 803 4668 820 4682; x_wconf 90' lang='lat'><em>-</em></span> <span class='ocrx_word' id='word_1_387' title='bbox 837 4630 1075 4716; x_wconf 63' lang='lat' dir='ltr'><strong>lastinianus</strong></span> <span class='ocrx_word' id='word_1_388' title='bbox 1093 4631 1304 4718; x_wconf 79' lang='lat' dir='ltr'><strong>-Iustinus</strong></span> <span class='ocrx_word' id='word_1_389' title='bbox 1323 4670 1340 4684; x_wconf 90' lang='lat'><em>-</em></span> <span class='ocrx_word' id='word_1_390' title='bbox 1358 4632 1537 4718; x_wconf 76' lang='lat' dir='ltr'><strong>Tiberine,</strong></span> <span class='ocrx_word' id='word_1_391' title='bbox 1555 4670 1572 4685; x_wconf 91' lang='lat'>·</span> <span class='ocrx_word' id='word_1_392' title='bbox 1589 4633 1687 4703; x_wconf 78' lang='lat' dir='ltr'><strong>zeno</strong></span> <span class='ocrx_word' id='word_1_393' title='bbox 1709 4635 1803 4720; x_wconf 92' lang='lat' dir='ltr'><strong>impp.</strong></span> <span class='ocrx_word' id='word_1_394' title='bbox 1821 4670 1865 4685; x_wconf 94' lang='lat'>—</span> <span class='ocrx_word' id='word_1_395' title='bbox 1883 4653 1901 4698; x_wconf 85' lang='lat'><strong>‹</strong></span> <span class='ocrx_word' id='word_1_396' title='bbox 1918 4634 1996 4720; x_wconf 89' lang='lat' dir='ltr'><strong>Imp.</strong></span> <span class='ocrx_word' id='word_1_397' title='bbox 2014 4635 2124 4700; x_wconf 88' lang='lat' dir='ltr'><strong>Leonis</strong></span> 
     </span>
     <span class='ocr_line' id='line_1_37' title="bbox 734 4739 2125 4827; baseline 0.001 -23"><span class='ocrx_word' id='word_1_398' title='bbox 734 4739 827 4820; x_wconf 78' lang='grc' dir='ltr'><strong>Αν-Ι</strong></span> <span class='ocrx_word' id='word_1_399' title='bbox 839 4741 924 4825; x_wconf 79' lang='lat' dir='ltr'><strong>gvsti</strong></span> <span class='ocrx_word' id='word_1_400' title='bbox 948 4741 1166 4823; x_wconf 82' lang='lat' dir='ltr'><strong>eonstitvtiol</strong></span> <span class='ocrx_word' id='word_1_401' title='bbox 1178 4761 1237 4807; x_wconf 89' lang='lat' dir='ltr'><strong>nes</strong></span> <span class='ocrx_word' id='word_1_402' title='bbox 1260 4741 1416 4815; x_wconf 85' lang='lat' dir='ltr'><strong>novellae,</strong></span> <span class='ocrx_word' id='word_1_403' title='bbox 1441 4746 1496 4807; x_wconf 91' lang='lat' dir='ltr'><strong>aut</strong></span> <span class='ocrx_word' id='word_1_404' title='bbox 1520 4747 1679 4807; x_wconf 85' lang='lat' dir='ltr'><strong>correcto</strong></span> <span class='ocrx_word' id='word_1_405' title='bbox 1690 4744 1704 4823; x_wconf 97' lang='grc' dir='ltr'><em>Ι</em></span> <span class='ocrx_word' id='word_1_406' title='bbox 1716 4742 1774 4806; x_wconf 83' lang='lat' dir='ltr'><strong>riae</strong></span> <span class='ocrx_word' id='word_1_407' title='bbox 1796 4742 1903 4827; x_wconf 80' lang='lat' dir='ltr'><strong>legum</strong></span> <span class='ocrx_word' id='word_1_408' title='bbox 1926 4741 2125 4826; x_wconf 82' lang='lat' dir='ltr'><strong>repurgatio-</strong></span> 
     </span>
     <span class='ocr_line' id='line_1_38' title="bbox 733 4845 2125 4935; baseline 0.001 -25"><span class='ocrx_word' id='word_1_409' title='bbox 733 4864 800 4920; x_wconf 88' lang='lat' dir='ltr'><strong>nes,</strong></span> <span class='ocrx_word' id='word_1_410' title='bbox 810 4850 824 4926; x_wconf 99' lang='grc' dir='ltr'><em>Ι</em></span> <span class='ocrx_word' id='word_1_411' title='bbox 833 4845 955 4912; x_wconf 82' lang='lat' dir='ltr'><strong>Letinae</strong></span> <span class='ocrx_word' id='word_1_412' title='bbox 971 4866 1057 4912; x_wconf 88' lang='lat' dir='ltr'><strong>nuno</strong></span> <span class='ocrx_word' id='word_1_413' title='bbox 1071 4847 1208 4933; x_wconf 78' lang='lat' dir='ltr'><strong>primiim</strong></span> <span class='ocrx_word' id='word_1_414' title='bbox 1226 4845 1266 4913; x_wconf 87' lang='lat' dir='ltr'><strong>nb</strong></span> <span class='ocrx_word' id='word_1_415' title='bbox 1280 4849 1424 4914; x_wconf 89' lang='lat' dir='ltr'><strong>Henrioo</strong></span> <span class='ocrx_word' id='word_1_416' title='bbox 1440 4849 1576 4935; x_wconf 83' lang='lat' dir='ltr'><strong>Agyiaeo</strong></span> <span class='ocrx_word' id='word_1_417' title='bbox 1591 4847 1696 4914; x_wconf 81' lang='lat' dir='ltr'><strong>faotae.</strong></span> <span class='ocrx_word' id='word_1_418' title='bbox 1710 4849 1790 4934; x_wconf 91' lang='lat' dir='ltr'><strong>Imp.</strong></span> <span class='ocrx_word' id='word_1_419' title='bbox 1804 4847 1971 4915; x_wconf 87' lang='lat' dir='ltr'><strong>ivstinieni</strong></span> <span class='ocrx_word' id='word_1_420' title='bbox 1984 4846 2125 4926; x_wconf 77' lang='lat' dir='ltr'><strong>Edicto!</strong></span> 
     </span>
     <span class='ocr_line' id='line_1_39' title="bbox 734 4953 2125 5040; baseline -0.001 -21"><span class='ocrx_word' id='word_1_421' title='bbox 734 4955 813 5038; x_wconf 91' lang='lat' dir='ltr'><strong>Imp.</strong></span> <span class='ocrx_word' id='word_1_422' title='bbox 840 4953 951 5018; x_wconf 86' lang='lat' dir='ltr'><strong>Ivetini</strong></span> <span class='ocrx_word' id='word_1_423' title='bbox 975 4953 1222 5020; x_wconf 80' lang='lat' dir='ltr'><strong>Constitvtiones</strong></span> <span class='ocrx_word' id='word_1_424' title='bbox 1245 4954 1492 5040; x_wconf 81' lang='lat' dir='ltr'><strong>aiiqvot.l1mp.</strong></span> <span class='ocrx_word' id='word_1_425' title='bbox 1515 4953 1634 5020; x_wconf 86' lang='lat' dir='ltr'><strong>Tiberii</strong></span> <span class='ocrx_word' id='word_1_426' title='bbox 1658 4955 1846 5020; x_wconf 84' lang='lat' dir='ltr'><strong>Constitvtio</strong></span> <span class='ocrx_word' id='word_1_427' title='bbox 1868 4953 2125 5040; x_wconf 79' lang='lat' dir='ltr'><strong>vna.l1mp.Ze</strong></span> 
     </span>
     <span class='ocr_line' id='line_1_40' title="bbox 733 5058 2124 5148; baseline 0.001 -24"><span class='ocrx_word' id='word_1_428' title='bbox 733 5059 826 5125; x_wconf 93' lang='lat' dir='ltr'><strong>nonis</strong></span> <span class='ocrx_word' id='word_1_429' title='bbox 843 5058 1031 5126; x_wconf 85' lang='lat' dir='ltr'><strong>Constitvtio</strong></span> <span class='ocrx_word' id='word_1_430' title='bbox 1045 5079 1118 5125; x_wconf 86' lang='lat' dir='ltr'><strong>vna.</strong></span> <span class='ocrx_word' id='word_1_431' title='bbox 1133 5063 1146 5142; x_wconf 97' lang='grc' dir='ltr'><em>Ι</em></span> <span class='ocrx_word' id='word_1_432' title='bbox 1159 5059 1280 5127; x_wconf 80' lang='lat' dir='ltr'><strong>Eodem</strong></span> <span class='ocrx_word' id='word_1_433' title='bbox 1295 5061 1481 5148; x_wconf 86' lang='lat' dir='ltr'><strong>interprete.</strong></span> <span class='ocrx_word' id='word_1_434' title='bbox 1497 5062 1626 5144; x_wconf 70' lang='lat' dir='ltr'><strong>[Huius</strong></span> <span class='ocrx_word' id='word_1_435' title='bbox 1649 5060 1796 5128; x_wconf 89' lang='lat' dir='ltr'><strong>editionis</strong></span> <span class='ocrx_word' id='word_1_436' title='bbox 1818 5062 1954 5146; x_wconf 79' lang='lat' dir='ltr'><strong>margini</strong></span> <span class='ocrx_word' id='word_1_437' title='bbox 1977 5059 2124 5147; x_wconf 86' lang='lat' dir='ltr'><strong>appositae</strong></span> 
     </span>
    </p>
   </div>
   <div class='ocr_carea' id='block_1_8' title="bbox 0 0 2342 6194">
    <p class='ocr_par' dir='ltr' id='par_1_11' title="bbox 0 0 2342 6194">
     <span class='ocr_line' id='line_1_41' title="bbox 0 0 2342 6194; baseline 0 1"><span class='ocrx_word' id='word_1_438' title='bbox 0 0 2342 6194; x_wconf 95' lang='lat' dir='ltr'><strong> </strong></span> 
     </span>
    </p>
   </div>
  </div>
 </body>
</html>
