4656 6188
1264 541 1308 556 -
1331 505 1463 573 320-

739 649 937 721 un’ctnoora
952 653 1097 718 somello
1109 649 1155 716 da
1171 649 1238 718 clue
1251 649 1359 736 muns)
1368 653 1382 732 Ι
1391 647 1474 715 Chez
1488 648 1626 716 Evstec'e
1641 649 1822 738 Vignon.
1833 657 1880 736 lu
1891 705 1897 718 .
1909 674 1947 720 n.
1959 673 2134 724 nxxxv1.»

740 759 854 828 senza
878 759 987 846 luopo.
1100 807 1103 814 ·

795 879 825 936 ln
844 881 871 948 8,
889 881 915 936 di
934 882 953 934 f.
973 880 1021 953 (8),
1040 879 1065 949 (1
1087 877 1181 934 tovole
1206 877 1310 950 grande
1335 883 1501 936 contenente
1526 879 1545 934 il
1571 879 1725 936 &numerio
1749 881 1824 938 dello
1849 883 1983 956 religione
2008 886 2139 942 cristiana

739 987 886 1044 rneohinso
904 992 984 1044 entre
1002 987 1055 1043 due
1074 986 1149 1041 mani
1168 986 1254 1042 incise
1272 987 1301 1042 in
1320 985 1424 1060 legno),
1437 985 1498 1042 208.
1517 985 1568 1041 Nol
1588 987 1713 1044 rovesuo
1725 988 1770 1044 del
1781 989 1960 1060 frontospizio
1972 989 1988 1046 ὸ
1999 1007 2057 1046 uno
2070 993 2139 1047 inci-

741 1094 819 1149 sione
842 1093 872 1146 in
897 1091 981 1164 legno
1007 1095 1235 1163 roppresentente
1260 1091 1290 1146 lo
1314 1091 1461 1162 Religione
1480 1091 1649 1163 eppoggists
1667 1093 1702 1148 sd
1720 1110 1756 1148 un
1780 1094 1903 1163 pslibolo
1928 1111 1944 1150 e
1968 1095 2140 1166 celpestsnte

743 1216 798 1256 uno
816 1199 962 1256 scheletro.
1440 1224 1443 1230 ·

793 1305 846 1363 Nol
864 1307 952 1378 foglio
970 1306 997 1362 di
1017 1306 1141 1377 guardia,
1155 1306 1183 1362 in
1203 1306 1347 1378 principio,
1359 1306 1381 1362 si
1401 1307 1498 1378 legger
1516 1307 1610 1378 «sap
1627 1308 1696 1364 mue
1714 1325 1779 1364 mon
1797 1325 1949 1380 espen-anco
1967 1325 2002 1364 en
2020 1327 2060 1364 un
2078 1310 2140 1364 seul

742 1415 814 1470 Dieu
832 1414 880 1484 qui
897 1430 933 1468 ne
951 1413 1006 1467 m'a
1024 1414 1123 1470 lomois
1141 1413 1285 1468 obussdoiie
1308 1431 1343 1469 en
1367 1431 1432 1468 mon
1449 1414 1599 1470 αάιωνείεέ.
1622 1415 1659 1470 Co
1678 1415 1762 1472 liuret
1781 1425 1823 1470 est
1847 1415 1939 1474 omne
1962 1427 1990 1472 et
2009 1416 2142 1488 pre'eenrci

743 1539 778 1578 eo
796 1521 875 1594 sipne
894 1531 920 1576 et
938 1522 1128 1594 resnwiynape
1146 1522 1229 1578 d'une
1247 1531 1306 1578 tres
1322 1521 1435 1578 humile
1453 1523 1584 1594 affection
1601 1525 1619 1577 ἁ
1638 1523 1809 1578 tresilluetrs
1825 1522 1928 1580 lesnes
1942 1525 2142 1596 Menseipueur

744 1629 875 1684 runcise
896 1627 988 1684 onmis
1007 1628 1176 1684 Patronus
1195 1629 1269 1684 nusn
1281 1629 1339 1684 rar
1357 1645 1389 1684 sa
1407 1607 1578 1686 posuimus
1595 1640 1727 1686 seruam
1748 1631 1842 1687 curro
1862 1631 2009 1702 l’Esouyer
2020 1633 2056 1688 us
2073 1632 2142 1685 ruu-

743 1739 811 1792 drer
833 1726 864 1790 S‘
881 1736 941 1806 Vol,
959 1739 1045 1806 vesus
1062 1737 1098 1792 de
1116 1740 1166 1808 seu
1184 1736 1332 1792 usonem
1349 1738 1385 1792 de
1403 1738 1567 1794 Beaumont.
1586 1739 1628 1792 22
1647 1739 1714 1808 Moy
1734 1738 1843 1796 1608»
1861 1755 1911 1794 ms.

798 1844 864 1915 Leg.
884 1845 913 1898 in
931 1859 1100 1915 pergameno
1118 1860 1169 1900 con
1189 1843 1290 1914 pioooli
1307 1845 1379 1914 fregi
1399 1843 1496 1899 doreti.

592 2039 645 2111 10.
669 2039 895 2112 Guiohnrnin
915 2039 1158 2128 (Guiooiardini)
1183 2042 1348 2122 Frsnoois.
1367 2077 1385 2090 ·
1400 2037 1510 2124 Nove,
1526 2040 1567 2108 de
1589 2041 1622 2107 la
1645 2039 1796 2130 (Pieris).
1813 2077 1857 2092 -·
1874 2062 1892 2106 ‹
1907 2041 2050 2110 Histoire
2062 2045 2076 2123 Ι
2087 2042 2143 2108 des

744 2169 880 2236 grentes
891 2153 904 2231 Ι
917 2147 1052 2222 d’ltslie,
1065 2152 1081 2231 Ι
1092 2165 1118 2220 ui
1130 2153 1143 2232 Ι
1156 2149 1333 2235 Composee
1355 2167 1415 2234 per
1437 2149 1481 2216 M.
1499 2150 1654 2228 Franpois
1670 2149 1868 2217 Grioherdin
1881 2154 1894 2232 Ι
1907 2149 2143 2218 Gentilhommo

746 2255 923 2330 Florentin,
949 2252 984 2325 ἃ
1006 2255 1146 2323 traduite
1169 2253 1267 2324 d’lte·
1284 2256 1378 2338 llien
1409 2275 1450 2322 en
1474 2257 1638 2336 Francois
1663 2275 1723 2342 par
1746 2257 1944 2340 Hierosmel
1961 2255 2143 2341 Ghomedey

746 2363 902 2430 Perisien.
920 2367 933 2446 Ι
951 2362 1105 2429 Novrelle
1128 2361 1256 2436 edition,
1281 2361 1499 2448 diligemment
1522 2383 1642 2430 reueue
1669 2360 1704 2432 tls
1727 2365 1858 2446 corni-l
1870 2363 1940 2448 ges,
1964 2362 1984 2428 i
2005 2361 2143 2447 laquelle

746 2475 802 2536 ont
824 2471 892 2537 este
914 2469 1118 2551 ndiousteesl
1130 2469 1193 2536 Les
1216 2468 1447 2538 observatione
1470 2469 1656 2555 Politiques,
1680 2469 1848 2537 milituires
1869 2467 1903 2538 ez
1914 2474 1927 2553 Ι
1939 2469 2079 2536 morales
2102 2467 2143 2534 du

746 2576 840 2644 Sievr
862 2575 902 2642 de
925 2577 958 2643 la
974 2577 1071 2644 Nove.
1085 2580 1098 2658 Ι
1110 2580 1230 2642 Antros
1249 2575 1479 2645 Obserustions
1504 2577 1686 2644 recueillies
1708 2577 1764 2644 des
1779 2577 1986 2644 instructions
2002 2575 2036 2644 e
2050 2577 2144 2656 eniel

746 2681 788 2748 du
804 2703 924 2750 mesme
940 2683 1231 2770 Seigneur.l1leux
1247 2683 1369 2770 amplos
1385 2682 1522 2757 Indices,
1536 2687 1713 2750 oontenons
1728 2703 1788 2770 par
1803 2681 1900 2750 ordre
1911 2682 2145 2769 Alphabetique

746 2787 795 2854 les
817 2791 920 2856 Maxi·
931 2794 944 2873 Ι
956 2810 1024 2856 mes
1047 2789 1085 2856 de
1110 2789 1318 2866 Guicnardin
1336 2787 1371 2859 8ι
1386 2789 1485 2856 celles
1504 2790 1545 2857 du
1561 2789 1655 2857 Sieur
1676 2789 1715 2856 de
1737 2790 1770 2856 la
1793 2791 1892 2858 Nouo.
1906 2793 1919 2872 Ι
1932 2787 2008 2875 (ino.
2024 2810 2143 2874 ruppr.

748 2914 799 2962 un
820 2901 976 2982 serpente
994 2901 1126 2965 attorno
1146 2897 1193 2964 ad
1211 2893 1420 2973 uu'nueora,
1436 2901 1581 2966 emelia
1599 2897 1646 2964 da
1665 2897 1732 2964 due
1749 2897 1845 2963 marti
1862 2897 1898 2962 al
1913 2895 1950 2962 di
1964 2915 2070 2982 sopra
2092 2897 2144 2963 del

750 3021 847 3072 mare
868 3005 932 3070 uel·
947 3003 1047 3090 quale
1076 3004 1246 3091 perinzam
1281 3005 1400 3073 moslri
1429 3003 1568 3091 marinii
1597 3004 1664 3070 Par
1693 3003 1742 3069 los
1769 3003 1922 3070 heritiers
1952 2999 2145 3070 d'llustuche

752 3110 937 3198 Vignon.
950 3115 1003 3194 lu
1017 3160 1024 3175 .
1038 3131 1060 3178 u
1073 3129 1178 3178 .x0111
1193 3161 1199 3174 .
1218 3132 1236 3175 ›
1263 3110 1389 3199 Sepue:
1412 3132 1430 3173 ‹
1449 3111 1491 3176 ll.
1508 3110 1647 3178 Volvme
1671 3111 1717 3178 De
1728 3113 1742 3194 Ι
1755 3107 1936 3177 L'Histoire
1948 3113 1961 3192 Ι
1973 3108 2029 3181 des
2055 3129 2146 3196 gver-

747 3239 802 3286 res
816 3223 830 3302 Ι
846 3215 982 3292 d'ltelie,
999 3222 1012 3301 Ι
1029 3216 1203 3306 Gompoeee
1230 3235 1290 3303 per
1313 3219 1357 3283 M.
1382 3217 1537 3284 Frnnoois
1561 3216 1758 3285 Gvichur·din
1771 3219 1785 3298 Ι
1797 3213 2049 3284 (lenm-homme
2073 3215 2145 3280 Flo·

748 3327 856 3394 rentin
882 3323 966 3412 (elo.)
979 3328 993 3406 Ι
1006 3343 1031 3390 u
1045 3373 1052 3388 .
1066 3342 1196 3392 uxorrr.
1215 3345 1244 3389 ›.
1271 3321 1382 3391 Senza
1405 3325 1515 3412 luopo.

802 3447 878 3504 Voll.
898 3449 916 3502 2
935 3447 962 3502 in
982 3447 1008 3514 8,
1026 3447 1053 3501 di
1072 3447 1092 3500 f.
1111 3447 1159 3518 (4),
1179 3445 1241 3514 403,
1260 3445 1306 3516 (36
1325 3463 1341 3503 e
1362 3447 1372 3501 l
1395 3446 1502 3519 vsouo);
1522 3445 1582 3516 319,
1602 3445 1648 3518 (23
1667 3463 1682 3502 e
1700 3447 1718 3500 2
1737 3445 1836 3516 venui).

802 3555 869 3626 leg.
895 3556 924 3609 in
949 3553 1023 3624 pelle
1047 3553 1135 3608 suine.
1152 3581 1189 3596 -
1208 3553 1389 3623 lmpressione
1413 3554 1536 3610 centrnle
1557 3555 1579 3615 0
1604 3553 1649 3610 nel
1672 3553 1725 3609 Dr.
1745 3553 1805 3610 elz
1831 3551 1875 3608 uel
1900 3551 1936 3610 R.
1961 3551 1990 3606 di
2014 3550 2147 3606 ambedne

750 3661 890 3718 is'olumi.

601 3861 649 3931 11.
672 3858 936 3932 Nostrudanrus
959 3857 1008 3932 de,
1032 3855 1287 3944 (Nostro-Darne,
1308 3856 1360 3943 de)
1379 3858 1488 3926 cesar.
1505 3893 1548 3908 -
1566 3879 1584 3921 ‹
1602 3855 1773 3924 L’histoire
1786 3863 1799 3940 Ι
1812 3863 1843 3922 ei
1857 3905 1864 3922 .
1877 3855 2053 3939 chronique
2067 3905 2074 3919 .
2087 3853 2145 3920 de.

751 3971 920 4036 Prorence
938 3970 953 4048 Ι
974 3966 1013 4034 de
1031 4018 1038 4032 .
1055 3969 1174 4035 Caesar
1191 4017 1198 4032 .
1216 3965 1255 4032 de
1272 4017 1279 4031 .
1297 3967 1524 4033 Nostradumvs
1545 3971 1558 4050 Ι
1579 3967 1814 4034 Gentilhonrme
1850 3962 2033 4030 Prouencal
2049 3964 2062 4042 Ι
2079 3983 2118 4026 ov
2135 3965 2146 4042 Ι

751 4078 888 4144 Possunt
904 4126 911 4141 .
929 4075 969 4141 de
986 4125 992 4140 .
1009 4079 1111 4161 temps
1127 4124 1133 4137 .
1152 4093 1192 4140 en
1211 4123 1217 4137 .
1234 4078 1338 4159 temps
1355 4125 1362 4139 .
1380 4079 1435 4140 et.
1454 4094 1494 4139 en
1512 4124 1518 4138 .
1535 4073 1588 4140 bel
1606 4125 1612 4138 .
1630 4072 1728 4138 ordre
1744 4123 1750 4136 .
1768 4078 1782 4156 Ι
1797 4071 1845 4138 les
1868 4071 2010 4136 Anoiens
2042 4070 2147 4134 Poetes

752 4184 979 4268 Personnoges
1003 4176 1037 4250 tir
1060 4180 1197 4248 lamilles
1212 4183 1226 4262 Ι
1242 4180 1390 4247 Illustres
1412 4181 1465 4265 qui
1489 4187 1545 4246 ont
1567 4177 1660 4247 fleuri
1685 4179 1811 4266 despuis
1823 4184 1836 4260 Ι
1849 4177 1907 4244 VC
1931 4179 1999 4242 Ans
2015 4179 2028 4259 Ι
2044 4177 2147 4243 oultre

752 4289 912 4376 plusieurs
929 4287 1034 4354 Races
1050 4287 1089 4354 de
1104 4288 1241 4360 Franco,
1255 4291 1269 4370 Ι
1282 4285 1416 4360 d'ltnlie,
1442 4287 1624 4373 Hespngne.
1649 4285 1841 4373 Lnngvedoo
1866 4283 2027 4350 Dnvllrine
2043 4280 2148 4367 (sio).l

753 4403 787 4463 et
817 4397 966 4462 Piemont
987 4415 1011 4482 y
1034 4395 1245 4462 rencontrees
1275 4415 1356 4460 auec
1383 4394 1481 4460 celles
1512 4395 1565 4479 qui
1582 4397 1595 4476 Ι
1611 4393 1737 4480 despuis
1767 4412 1802 4458 se
1832 4395 1905 4458 sont
1935 4389 2149 4456 diuersement

752 4502 918 4569 nnnoblies
930 4506 943 4584 Ι
956 4521 1079 4569 comme
1097 4501 1181 4568 aussi
1202 4501 1250 4567 les
1268 4503 1340 4588 plus
1358 4501 1510 4587 signalles
1522 4505 1535 4584 Ι
1548 4499 1689 4566 oombnts
1712 4505 1745 4566 et
1768 4495 2009 4581 romnrquables
2029 4496 2147 4576 faiotsl

753 4608 902 4676 d’Ar·mes
933 4611 988 4694 qui
1010 4630 1049 4696 sy
1072 4615 1144 4675 sont
1174 4627 1285 4694 passez
1301 4612 1314 4690 Ι
1330 4607 1369 4673 de
1391 4614 1495 4694 temps
1523 4627 1564 4674 en
1586 4611 1688 4692 temps
1704 4611 1717 4688 Ι
1733 4607 1861 4691 iusques
1884 4624 1904 4670 o
1925 4603 1958 4669 ln
1981 4605 2057 4690 pain
2080 4602 2118 4668 de
2136 4607 2147 4683 Ι

692 4751 695 4758 ⁴
754 4716 922 4798 Vervinsl
937 4717 1088 4802 Imprime
1110 4717 1141 4782 A
1167 4715 1194 4780 L
1202 4735 1283 4801 yon
1306 4715 1390 4782 Chen
1418 4714 1528 4782 Simon
1558 4712 1719 4800 Rignud
1750 4710 1908 4795 Poursla
1934 4711 2053 4776 societe
2078 4707 2148 4775 Cal·

754 4824 886 4890 doriene
913 4822 997 4888 1614
1010 4826 1024 4905 Ι
1037 4824 1107 4888 Αυο
1129 4820 1201 4910 (sic)
1225 4821 1362 4909 privilge
1386 4820 1427 4887 du
1451 4822 1524 4908 Roy
1542 4844 1570 4885 s.

808 4945 837 5001 ln
850 4945 876 5010 8,
889 4945 915 5000 di
929 4961 991 5016 psg.
1006 4945 1055 5018 (4),
1071 4945 1146 5014 1092,
1159 4943 1203 5012 03,
1217 4945 1265 5016 ΙΙ).
1286 4944 1475 5016 Frontsspizio
1494 4943 1581 4999 inciso
1600 4943 1627 4998 in
1647 4959 1723 4999 ranno
1741 4957 1791 4998 oon
1811 4942 1882 5011 fregi
1901 4957 1917 4996 e
1935 4943 2048 5012 quattro
2062 4940 2152 5009 ligure

756 5053 960 5126 porsonillcsnti
976 5053 1003 5108 le
1022 5054 1091 5108 citte
1109 5053 1136 5107 di
1156 5055 1219 5122 Ain,
1239 5053 1394 5120 Marseille
1414 5055 1507 5119 Aries,
1527 5053 1663 5122 Auipnon.
1683 5049 1735 5105 Nel
1748 5048 1834 5119 foglio
1847 5053 1980 5118 segnente
1993 5044 2008 5099 i
2021 5045 2110 5100 inciso
2124 5047 2151 5099 in
