4674 6194
1262 459 1460 523 -188-

587 596 715 668 matta.
733 596 925 668 vernerus
938 595 1107 686 (Werner)
1120 600 1289 668 lohannes.
1300 637 1343 650 -
1353 621 1370 664 c
1382 602 1420 666 In
1432 601 1494 666 hoc
1506 620 1603 688 opere
1616 601 1699 667 haec
1711 602 1926 667 continentur.
1936 599 2017 688 (car.
2030 603 2131 690 poth!

737 705 877 772 Libellus
893 707 1021 772 loannis
1037 705 1180 775 Vemeri
1192 713 1205 790 Ι
1218 707 1464 794 nurembergen.
1486 727 1583 794 svper
1602 709 1649 772 vi:
1661 712 1674 792 Ι
1687 706 1890 794 giutidvobvs
1914 707 2053 774 clemen:
2064 713 2078 794 Ι
2089 709 2130 776 tis

737 817 865 881 conicis.
880 820 893 896 Ι
905 814 1054 882 Eiusdem
1078 816 1299 882 deentarius
1330 835 1387 882 seu
1409 816 1654 902 paraphrastica
1686 835 1779 882 enar:
1792 820 1805 898 Ι
1818 818 1901 882 ratio
1923 819 1957 882 in
1983 815 2132 883 undecim

736 921 845 987 modos
868 919 1056 988 conficiendi
1075 923 1144 987 eius
1163 922 1348 988 Problema=
1361 927 1375 1005 Ι
1386 925 1427 988 tis
1442 923 1525 1008 quod
1542 923 1619 989 Cubi
1636 923 1807 1009 duplicatio
1822 923 1948 989 dicitur.
1962 927 1975 1004 Ι
1987 922 2130 990 eiusdem

738 1029 933 1096 (ldmentatio
956 1029 989 1093 in
1013 1029 1224 1116 Dionysodori
1248 1029 1374 1116 proble=
1388 1034 1400 1112 Ι
1414 1049 1479 1106 ma,
1504 1049 1565 1115 quo
1589 1030 1663 1098 data
1686 1031 1824 1116 sphaera
1851 1030 1947 1116 plano
1974 1029 2032 1096 sub
2056 1029 2132 1096 data

737 1121 827 1202 secat
847 1137 981 1204 ratione.
995 1139 1008 1218 Ι
1021 1136 1102 1202 alive
1124 1135 1235 1203 modus
1258 1137 1341 1202 idem
1361 1136 1527 1222 problema
1542 1135 1710 1203 cdflciendi
1733 1136 1773 1202 ab
1794 1137 1873 1203 code
1884 1141 1898 1219 Ι
1911 1138 2032 1202 Ioanne
2049 1136 2133 1204 Ver-

737 1262 816 1307 nero
840 1243 1011 1308 nouissime
1034 1245 1183 1329 copertus
1206 1243 1467 1330 demostratusq3‚
1482 1248 1494 1326 Ι
1508 1243 1649 1310 eiusdem
1674 1245 1811 1316 loannis,
1836 1243 1876 1310 de
1899 1250 1987 1309 motu
2009 1250 2133 1310 ocmuae

736 1350 888 1436 Sphaerae,
902 1352 915 1432 Ι
929 1351 1098 1416 Tractatus
1121 1350 1192 1425 duc,
1206 1355 1219 1432 Ι
1233 1350 1373 1417 ciusdem
1397 1351 1576 1418 Summaria
1599 1353 1763 1416 enarratio
1787 1351 1954 1416 Theoricae
1977 1371 2042 1416 moe
2056 1353 2134 1433 ltus

737 1463 860 1523 octauae
876 1457 1028 1542 Sphaerae.
1039 1461 1052 1540 Ι
1061 1461 1088 1522 ts
1098 1477 1169 1522 cum
1183 1458 1295 1524 Gratia
1312 1463 1344 1524 et
1360 1458 1537 1544 Priuilegio
1549 1460 1722 1544 Imperiali.
1734 1480 1751 1524 ›
1763 1459 1807 1524 In
1820 1459 1899 1544 fine:
1909 1479 1926 1522 c
1938 1461 2133 1544 Impressvm
2260 1455 2261 1460 ’

739 1563 1049 1649 erembergae
1065 1568 1078 1646 Ι
1094 1583 1153 1650 per
1177 1564 1377 1630 Friden'cum
1401 1566 1571 1652 Peypus
1603 1567 1759 1651 impensis
1786 1565 1911 1648 Lucael
1928 1565 2134 1630 Alantsee

737 1671 821 1738 Ciuis
845 1667 880 1738 dt
903 1669 1090 1756 Bibliopolas
1114 1671 1172 1736 Vi:
1186 1676 1199 1754 Ι
1213 1675 1327 1738 enneh.
1353 1673 1448 1738 Anno
1472 1691 1687 1738 n.n.xx11.
1705 1672 1789 1758 (etc.)
1808 1693 1837 1736 ».

791 1795 821 1848 ln
840 1795 865 1862 4,
884 1795 910 1848 di
929 1796 948 1849 f.
967 1794 1013 1866 (99
1031 1812 1046 1849 e
1069 1795 1079 1848 l
1100 1793 1211 1863 blanco)
1230 1795 1258 1848 in
1277 1795 1408 1850 caratteri
1430 1795 1513 1849 tondi.
1533 1795 1590 1850 Con
1609 1796 1736 1850 incisioni
1755 1796 1783 1848 in
1803 1795 1887 1865 legno
1905 1796 1952 1850 nel
1970 1799 2052 1851 testo.

789 1902 842 1957 Nel
860 1902 1048 1972 frontespizio:
1067 1903 1225 1957 <Libellus
1244 1904 1374 1974 Mapr'stri
1392 1903 1505 1956 Ioannis
1525 1903 1650 1973 Virduap
1670 1903 1895 1974 Harfurdicnsis.
1909 1919 1926 1958 u
1939 1919 1988 1955 ms.
2002 1900 2092 1971 Segne
2111 1901 2132 1955 il

737 2025 944 2079 monogramma
962 2026 1012 2063 ms.
1031 2009 1076 2064 del
1095 2009 1250 2064 medesimo.

589 2203 721 2274 23341).
744 2203 940 2274 roonisecn
963 2205 1132 2272 Iohannes.
1150 2242 1194 2256 —
1211 2227 1229 2269 c
1247 2207 1355 2292 Opera
1380 2207 1509 2272 loannis
1532 2207 1716 2272 Foenisecae
1737 2207 1868 2292 hugal
1880 2205 1942 2300 hpc
1964 2207 1999 2270 in
2021 2226 2056 2270 se
2078 2204 2133 2270 ha-

738 2312 824 2378 bent.
838 2317 851 2394 Ι
865 2312 1064 2388 Quadratum
1079 2314 1235 2406 sapientip
1251 2315 1419 2380 continens
1434 2315 1467 2378 in
1484 2334 1519 2379 se
1534 2319 1656 2398 septem
1669 2315 1683 2393 Ι
1694 2319 1782 2378 artes
1796 2312 1947 2380 liberales
1962 2319 2107 2379 veterum
2120 2315 2134 2394 Ι

740 2417 884 2484 Circulos
899 2417 996 2511 bib119
1010 2468 1016 2481 .
1031 2420 1076 2483 iiii
1089 2469 1095 2482 .
1109 2421 1142 2483 in
1158 2419 1270 2503 quibus
1286 2419 1508 2506 metaphysica
1520 2423 1533 2499 Ι
1546 2421 1693 2484 mosaica.
1707 2424 1720 2500 Ι
1734 2419 1970 2484 Commentaria
1984 2418 2133 2498 horum!

740 2524 791 2591 nd
814 2525 876 2618 hpc
899 2524 971 2590 libri
1000 2524 1130 2590 rubrica
1160 2527 1295 2592 inferius
1311 2529 1324 2608 Ι
1340 2527 1472 2613 signati:
1497 2528 1672 2592 necessarii
1695 2533 1778 2591 sunt.
1795 2531 1808 2608 Ι
1825 2523 1909 2612 (etc.)
1926 2547 1955 2590 ».
1980 2525 2024 2590 In
2048 2525 2133 2610 fine:

743 2632 939 2717 ‹Impressa
963 2633 1150 2725 Augustp
1173 2632 1511 2704 vindelicorum.
1544 2631 1762 2698 communibus
1784 2634 1935 2718 impensis
1959 2633 2030 2713 Ιο-Ι
2042 2633 2134 2697 annis

738 2737 884 2803 Miller
905 2743 977 2826 atqp
1003 2739 1132 2804 loannis
1160 2739 1391 2833 Foenisecp.
1417 2742 1511 2804 Anno
1535 2759 1555 2804 a
1579 2741 1782 2820 natiuitalte
1805 2737 1922 2804 domini
1947 2757 2131 2804 u.o.xv.

738 2843 889 2910 ad.1111.
904 2845 974 2910 Cal.
1000 2846 1148 2912 Maias.»

791 2967 821 3020 In
834 2966 859 3034 l,
872 2967 898 3021 di
912 2967 930 3020 f.
944 2967 1009 3034 (19);
1022 2983 1073 3022 con
1089 2967 1175 3024 multe
1193 2968 1320 3022 incisioni
1340 2969 1368 3022 in
1387 2967 1470 3038 legno
1489 2968 1534 3024 nel
1553 2973 1633 3024 testo.
1654 2969 1676 3023 ll
1695 2968 1814 3038 registro
1832 2968 1874 3024 dei
1895 2968 2028 3040 quadarni
2047 2966 2063 3023 ὂ
2081 2984 2131 3024 con

738 3071 838 3128 lettere
857 3075 1025 3142 acocppicta.
1045 3073 1182 3128 Caratteri
1202 3074 1285 3128 tondi.

791 3179 844 3235 Nal
862 3181 1038 3250 frontespiaio
1056 3180 1177 3251 leggesi:
1197 3183 1381 3254 «Harsurt»
1399 3182 1426 3236 di
1445 3199 1526 3238 mano
1545 3183 1571 3236 di
1591 3182 1650 3238 Gio.
1671 3181 1797 3252 Virdung
1814 3183 1859 3254 (ci.
1880 3181 1899 3236 il
1919 3181 1951 3236 N.
1972 3183 2065 3251 proc).

589 3373 741 3446 2334cc
755 3399 781 3446 c.
806 3376 973 3462 Apianus
997 3379 1208 3464 (Benncwitz)
1225 3381 1351 3448 Petrus.
1369 3417 1413 3431 -
1430 3401 1449 3444 c
1466 3382 1528 3446 Ein
1551 3379 1715 3446 kunstlich
1732 3382 1854 3446 lustru:
1867 3385 1881 3462 Ι
1893 3386 1981 3446 ment
2000 3381 2084 3468 (etc.)
2101 3402 2130 3444 ›.

740 3485 902 3570 Opuscoto
928 3487 1055 3554 tedesco
1079 3487 1234 3554 dcscritto
1258 3489 1313 3554 net
1344 3487 1412 3555 Vol.
1437 3489 1485 3564 II,
1509 3487 1548 3554 Ρ.
1574 3489 1621 3562 ll,
1646 3487 1688 3552 N.
1713 3485 1819 3556 2084.

791 3611 821 3664 In
840 3611 865 3664 4.

590 3804 681 3876 2335
689 3809 721 3875 d.
745 3807 913 3892 Apinnns
938 3809 1149 3898 (Bennewitz)
1179 3811 1304 3877 Petrus.
1328 3845 1372 3860 -
1398 3831 1415 3874 c
1438 3811 1611 3897 Gosmogra
1642 3811 1836 3896 (maiuscula
1867 3811 1977 3896 tonde)
1993 3815 2007 3896 Ι
2022 3812 2134 3897 phicus

739 3915 836 3981 Liber
852 3917 943 3982 Petri
959 3918 1075 4003 Apiani
1091 3919 1160 3983 Ma:
1172 3921 1186 3998 Ι
1197 3917 1362 3984 thematici
1378 3917 1515 3984 studiose
1534 3918 1696 3984 collectus.
1710 3921 1724 4002 Ι
1736 3917 1812 4004 (inc.
1829 3919 1866 3983 in
1882 3920 1978 4004 tepno
1994 3938 2134 4004 roppre-

737 4027 890 4090 scntcnte
904 4025 929 4089 it
944 4023 1041 4110 ptobo
1058 4029 1229 4108 tacuerim
1251 4023 1286 4090 ai
1309 4026 1369 4090 icti
1390 4026 1420 4091 si
1442 4027 1553 4112 lappe:
1577 4025 1745 4092 Occidens.
1758 4029 1771 4108 Ι
1786 4025 1927 4110 Oriens.)
1944 4047 1973 4091 u.
1991 4026 2035 4091 In
2050 4027 2132 4112 fine:

741 4131 981 4196 «diluculum
1013 4130 1281 4198 Landlhutae
1312 4133 1411 4219 Typis
1433 4151 1473 4197 ac
1495 4132 1643 4198 formulis
1659 4137 1672 4214 Ι
1689 4133 1724 4197 D.
1751 4133 1879 4198 Ioannis
1910 4132 2132 4218 Weyllen-

738 4235 935 4324 burgers:
960 4239 1107 4323 impensis
1124 4241 1138 4320 Ι
1155 4240 1245 4304 Petri
1276 4240 1445 4324 Apiani.
1474 4241 1569 4306 Anno
1594 4239 1712 4306 Christi
1736 4239 1803 4306 Sal:
1820 4243 1833 4320 Ι
1849 4241 1971 4305 uatoais
1994 4243 2132 4305 omnium

738 4343 912 4418 millesime,
927 4349 940 4426 Ι
953 4347 1212 4431 quingentelimo,
1237 4348 1401 4412 vicelimo:
1418 4349 1431 4427 Ι
1447 4352 1570 4431 quarto,
1588 4349 1601 4426 Ι
1618 4347 1729 4412 Mense
1755 4348 1803 4411 la:
1821 4351 1834 4428 Ι
1850 4366 1903 4413 nu:
1929 4346 2041 4412 Phebo
2065 4347 2133 4428 Sal

738 4452 827 4515 turni
857 4451 956 4516 domi:
972 4455 985 4530 Ι
1002 4453 1109 4517 cilium
1125 4456 1139 4533 Ι
1154 4453 1344 4537 possidente.
1363 4474 1380 4518 ›
1407 4451 1516 4540 septe
1541 4451 1599 4520 κη’
1618 4453 1857 4540 «appendix»,
1882 4473 1906 4520 a
1928 4455 2019 4520 calce
2045 4453 2132 4520 detta

740 4558 891 4641 qualest
913 4559 1023 4644 lappe:
1048 4559 1216 4624 ‹uLtbri
1239 4558 1278 4626 de
1303 4559 1534 4647 Gangraphicis
1560 4561 1727 4646 principiis
1750 4561 1848 4626 Finis.
1862 4562 1875 4640 Ι
1889 4559 2050 4634 Perfecto,
2073 4561 2130 4624 tri-

739 4684 819 4752 noq3
843 4665 903 4730 deo
926 4666 1036 4732 laudes
1051 4665 1068 4748 Ι
1081 4668 1237 4752 ingentes.
1263 4669 1357 4734 Anno
1381 4669 1520 4762 humanp
1536 4671 1548 4749 Ι
1565 4668 1675 4734 salutis
1702 4669 1786 4734 1524
1803 4689 1832 4732 ».

795 4789 825 4842 ln
844 4788 869 4854 l,
888 4789 914 4843 di
934 4807 995 4860 pag.
1015 4789 1062 4861 (8),
1080 4788 1131 4844 col.
1149 4789 1206 4857 103,
1220 4790 1267 4860 (8).
1287 4791 1424 4847 caratteri
1443 4792 1527 4846 tondi.
1547 4790 1736 4846 Nell’interno
1754 4791 1881 4846 incisioni
1900 4791 1929 4844 in
1948 4790 2031 4862 legno
2050 4806 2065 4845 c
2084 4807 2132 4844 nu·

742 4895 842 4950 morosi
862 4896 957 4950 circcli
975 4897 1112 4966 graduarii,
1130 4913 1181 4951 con
1200 4896 1265 4968 aghi
1285 4902 1338 4953 etc.
1357 4899 1461 4953 mobili.

796 4999 1011 5055 2333α-2335ά
1031 5017 1240 5058 urscunnnuun.
1261 5031 1294 5044 -
1313 5003 1380 5073 Lag.
1399 5005 1427 5058 in
1446 5021 1537 5060 mazca
1556 5003 1628 5074 pelle
1647 5004 1735 5058 suina.
1755 5031 1788 5045 -
1808 5003 1890 5073 Frugi
1909 5001 1936 5056 di
1955 5005 2096 5058 conterno.
